2624 4000
200 195 239 246 VI
595 202 811 254 PRAEFATIO.

201 359 319 430 cabum,
339 361 370 416 in
387 378 446 438 quo
464 373 630 433 quacunque
647 360 831 429 ingredimur,
850 362 879 415 ia
893 361 987 430 aliqua
1002 357 1116 412 sutoria
1133 359 1213 411 vesti-

182 447 272 517 pium
286 447 420 516 ponimus,
438 461 530 520 quum
542 435 711 518 ¹praecipue
727 441 842 500 mansio
857 441 989 518 Athenis
1006 447 1095 512 esset,
1115 439 1213 496 omnis

198 527 394 585 humanitatis
410 527 497 604 quasi
513 524 643 604 quadam
662 543 732 583 aree
751 525 959 603 bonarumque
975 523 1083 582 artium
1101 531 1213 581 metro-

199 611 278 688 poli,
302 610 376 688 quid
386 612 511 680 mirum,
533 608 615 687 quod
626 608 702 666 nihil
717 610 871 688 antiquius
884 607 1051 680 habebam,
1074 626 1165 685 quam
1179 615 1226 665 ut·

199 694 250 753 vel
271 714 371 752 rerum
394 696 562 772 priscarum
584 693 759 751 memoriam
780 693 909 752 testibus
934 691 1214 770 incorruptissimis,

199 779 448 855 inscriptionibus
465 777 542 851 dico,
561 785 746 854 repeterem,
763 777 814 835 vel
830 778 920 835 situm
937 776 1070 834 locorum
1085 774 1212 834 nobilis·

200 865 341 922 simorum
355 864 557 940 requirerem,
584 861 635 920 vel
658 859 779 919 fabulas
803 859 927 919 deorum
940 860 1128 937 heroumque
1145 879 1214 916 cum

199 954 308 1005 natura
323 948 485 1023 ‘regionum
503 955 586 1005 arcte
609 945 786 1020 conjunctas
805 951 897 1023 atque
920 963 960 1002 ex
973 944 1026 1002 illo
1043 943 1108 1002 1111
1124 943 1214 1022 quasi

201 1039 307 1090 enatae
321 1030 507 1108 indagarem,
524 1030 575 1088 vel
588 1030 680 1088 etiam
693 1049 731 1087 cx
748 1048 799 1087 ore
810 1029 909 1105 plebis
918 1027 1033 1104 Grajae
1047 1027 1214 1085 facundiae

201 1123 316 1193 quanta
327 1135 449 1193 possem
462 1115 595 1191 vestigia
609 1113 793 1190 exciperem,
810 1114 861 1172 vel
875 1112 1006 1190 denique
1020 1111 1124 1170 divina
1140 1111 1214 1169 artis

201 1199 346 1278 antiquae
366 1219 424 1257 nec
445 1218 574 1277 usquam
596 1205 758 1256 renaturae
784 1216 876 1274 opera
897 1203 1047 1275 quotquot
1068 1195 1215 1253 durarunt

202 1281 310 1362 (cheul
333 1283 511 1363 plerumque
530 1275 661 1359 disjecta
679 1281 869 1360 barbaroque
891 1282 991 1339 furore
1008 1280 1126 1338 nelarie
1144 1299 1213 1337 con-

201 1364 283 1442 tusa)
302 1368 422 1426 intuens
438 1367 603 1425 admirarer
619 1375 710 1445 atque
726 1375 852 1425 aeterna
869 1366 923 1424 illa
940 1383 999 1444 qua
1014 1365 1132 1442 spirant
1145 1365 1213 1441 pul·

202 1449 381 1510 chritudinis
399 1451 517 1529 specie,
537 1471 627 1529 quam
643 1449 681 1507 ad
697 1470 794 1508 mores
809 1449 981 1508 formandos
997 1449 1214 1526 ingeniumque

203 1534 405 1593 excolendum
422 1535 583 1611 plurimum
598 1534 703 1591 valere
714 1535 784 1609 jure
801 1553 920 1609 semper
935 1532 1140 1591 existimatum
1157 1541 1213 1603 est,

202 1619 333 1676 animum
349 1617 472 1677 assidua
489 1618 744 1694 contemplatione
760 1615 947 1675 imbuerem?
980 1615 1098 1674 Eodem
1113 1617 1214 1675 studio

202 1722 294 1781 quum
311 1703 342 1760 in
356 1701 448 1760 Italia
469 1702 639 1780 complures
655 1720 774 1760 menses
793 1710 992 1760 commoratus
1009 1719 1108 1759 essem
1126 1700 1214 1758 Pari-

148 1845 159 1857 ,,
201 1788 323 1865 siosque
341 1785 485 1860 adissem,
509 1786 608 1844 redux
628 1787 659 1842 in
675 1786 805 1862 patriam
818 1785 871 1844 ubi
885 1786 962 1844 ratio
978 1785 1109 1843 muneris
1126 1785 1213 1843 scho-

201 1871 303 1928 lastici
325 1869 407 1948 quod
429 1872 550 1950 suscepi
571 1870 608 1928 ab
632 1870 859 1947 opportunitate
879 1869 986 1928 harum
1006 1887 1107 1926 rerum
1123 1869 1213 1928 altius

200 1953 481 2034 persequendamm
495 1975 543 2013 mc
565 1953 706 2026 abduxit,
725 1956 757 2012 in
774 1973 842 2012 eum
856 1974 978 2035 gyrum,
1001 1953 1053 2034 qui
1070 1952 1109 2011 ad
1128 1953 1212 2012 insti·

201 2039 346 2097 tutionem
361 2037 512 2114 puerilem
523 2039 661 2116 proxime
676 2039 816 2115 pertinet,
833 2039 1012 2096 contrahere
1027 2057 1075 2095 me
1091 2047 1213 2096 coactus

200 2122 328 2182 resumsi
344 2123 445 2199 prisca
460 2121 561 2181 studia
581 2131 612 2180 11
624 2124 728 2181 nescio
746 2141 805 2202 quo
822 2143 894 2181 casu
909 2124 940 2180 in
955 2123 1083 2202 hymnos
1099 2122 1213 2180 Home·

201 2207 282 2265 riuos
305 2206 438 2280 delatae,
463 2226 543 2286 quae
564 2215 656 2264 antea
679 2206 775 2265 obiter
795 2207 968 2283 tetigeram,
992 2225 1030 2264 ea
1049 2205 1214 2265 studiosius

203 2292 291 2369 coepi
320 2291 519 2366 investigare.
576 2290 688 2350 -Paullo
722 2299 791 2369 post
819 2289 1044 2368 insperantibus
1077 2290 1214 2350 omnibus

203 2373 454 2433 Schneidewinus
470 2374 616 2447 decessit,
638 2375 725 2450 cujus
748 2375 846 2433 obitus
861 2382 1071 2452 praematurus
1089 2393 1212 2433 11111-

202 2458 263 2516 lum
281 2457 481 2516 familiaribus
497 2458 611 2516 luctum
631 2459 734 2516 attulit
755 2459 981 2535 gravissimum,
1005 2478 1111 2517 verum
1130 2458 1213 2518 litte·

201 2561 302 2600 rarum
324 2539 509 2600 Graecarum
535 2541 636 2600 studia
662 2542 749 2601 clade
776 2543 879 2601 affecit
902 2543 1106 2602 acerbissima.
1152 2541 1214 2620 Qui

203 2646 293 2705 quum
311 2624 424 2683 dudum
437 2626 514 2684 haec
531 2626 665 2684 carmina
679 2627 832 2704 perpolita
847 2627 879 2685 in
894 2627 994 2685 lucem
1011 2625 1162 2685 editurum
1180 2647 1214 2685 se

201 2709 403 2788 promisisset,
421 2710 612 2790 nominisque
631 2711 678 2769 sui
696 2711 875 2770 auctoritate
894 2711 1057 2783 effecisset,
1075 2718 1108 2768 ut
1123 2729 1213 2769 nemo

203 2794 282 2852 alius
299 2794 339 2851 ad
359 2792 390 2850 id
405 2795 560 2870 negotium
577 2796 802 2871 accingeretur,
824 2815 877 2872 spe
895 2794 1057 2853 frustratus
1072 2794 1213 2853 librarius

201 2877 431 2935 honestissimus
446 2878 625 2955 imparatum
646 2878 684 2936 ad
701 2879 759 2939 hoc
773 2898 822 2936 me
837 2879 992 2952 invitavit,
1014 2887 1047 2937 ut
1068 2879 1214 2937 inlocum

204 2960 432 3020 Schneidewini
446 2961 651 3021 succederem.
681 2963 729 3021 Ne
745 2963 854 3038 multa3
873 2963 996 3040 suscepi
1010 2983 1073 3020 rem
1090 2963 1214 3040 plenam

204 3045 302 3118 aleae,
322 3065 382 3102 non
396 3045 468 3122 quin
484 3045 559 3103 alios
575 3047 706 3106 fortasse
720 3047 830 3105 multos
847 3066 914 3106 esse
929 3056 1084 3124 putarem,
1101 3046 1153 3125 qui
1168 3047 1213 3104 in-

203 3129 380 3187 structiores
396 3127 533 3187 doctrina
549 3130 710 3207 multiplici
727 3139 760 3188 et
775 3131 899 3208 ingenio
914 3131 1082 3190 ornatiores
1099 3129 1138 3188 ad
1156 3129 1213 3189 hdc

204 3221 308 3271 essent
329 3213 463 3284 venturi,
493 3212 548 3270 sed
570 3216 642 3292 quia
665 3215 824 3292 sperabam
844 3215 902 3274 hac
921 3234 989 3274 mea
1008 3214 1213 3293 qualicunque

203 3316 297 3374 opera
311 3317 403 3356 unum
420 3297 472 3382 vel
494 3298 620 3356 alterum
644 3317 682 3355 ex
702 3298 749 3356 his
775 3296 822 3376 (ut
839 3297 885 3375 fit)
909 3297 948 3356 ad
969 3319 1032 3356 rem
1056 3299 1087 3356 in
1105 3298 1213 3357 melius
1254 3365 1259 3370 ,

202 3379 430 3458 provehendam
445 3398 536 3458 posse
553 3383 689 3440 excitari.
733 3381 843 3461 Neque
860 3385 940 3441 enim
957 3403 1024 3441 eam
1039 3383 1112 3440 mihi
1128 3402 1212 3440 sumo

204 3464 414 3540 arrogantiam,
430 3471 462 3520 11
476 3466 685 3523 recensionem
701 3465 807 3523 horum
823 3467 988 3524 carminum
1004 3465 1150 3524 exhibere
1166 3486 1213 3524 me
1262 3472 1264 3476 ⁴

203 3549 330 3607 arbitrer
348 3547 517 3606 absolutam
534 3551 611 3606 etin
628 3549 783 3608 saeculum
799 3549 973 3608 duraturam
986 3549 1080 3630 (quod
1091 3549 1212 3627 peritis·
