2624 4000
428 656 787 738 PRAEFATIO.

190 909 251 986 Qui
268 910 380 968 factum
395 912 443 983 sit,
461 919 494 970 ut
508 913 587 968 inter
602 919 648 970 tot
658 919 819 990 tantosque
832 911 913 970 viros
926 910 1039 984 doctos,
1058 913 1109 991 qui

95 995 283 1053 Homericos
298 1013 365 1054 sese
383 995 576 1072 profitentur,
601 1015 657 1071 ego
672 995 858 1072 potissimum
874 997 1054 1054 accesserim
1070 996 1110 1054 ad
1138 1057 1143 1064 ,

98 1077 292 1136 recensenda
315 1079 393 1136 haec
417 1079 564 1152 carmina,
593 1097 671 1156 quae
694 1081 720 1136 si
740 1080 838 1138 minus
861 1081 955 1156 ipsius
976 1081 1110 1154 Homeri,

101 1170 206 1218 tamen
227 1162 409 1220 Homericae
430 1163 516 1239 poesi
543 1171 573 1220 et
598 1170 773 1239 argumento
798 1171 828 1222 et
853 1162 973 1221 dicendi
997 1183 1110 1240 genere

101 1244 255 1303 habentur
268 1247 415 1323 proxima,
432 1247 538 1324 paucis
555 1247 663 1304 attinet
680 1247 843 1322 explicare.
888 1247 967 1306 Nam
983 1246 1055 1305 inde
1072 1247 1109 1305 ab

101 1328 156 1386 illo
173 1337 324 1405 ternpore,
342 1349 402 1408 quo
417 1330 527 1387 almam
545 1328 707 1405 Georgiam
722 1330 893 1406 Augustam
911 1330 988 1400 adii,
1010 1330 1109 1388 Frid.

103 1411 205 1470 Guil.
231 1411 562 1472 Schneidewinum
586 1432 660 1489 prae
690 1413 799 1472 ceteris
821 1421 930 1470 nactus
957 1433 1020 1472 sum
1047 1434 1109 1471 mo-

102 1495 273 1555 deratorem
295 1497 459 1555 studiorum
481 1496 747 1574 prudentissimum
768 1497 844 1555 etin
860 1517 906 1554 me
923 1497 1108 1556 benevolen·
1145 1521 1147 1525 ·

101 1580 264 1654 tissimum,
293 1581 344 1659 qui
367 1589 397 1638 et
417 1581 549 1658 publicis
574 1580 844 1639 exercitationibus
866 1589 897 1638 et
924 1581 1111 1640 sermonibus

104 1662 276 1722 domesticis
288 1666 377 1722 miros
393 1662 539 1743 quosdam
550 1663 599 1740 (ut
610 1663 662 1722 ille
676 1664 733 1738 ait)
746 1684 863 1723 amores
874 1665 948 1722 mihi
963 1665 1111 1723 excitavit

102 1747 243 1817 Homeri,
263 1749 371 1825 capitis
388 1767 423 1806 ac
439 1748 533 1807 fontis
550 1747 937 1820 Graecarumlitterarum,
959 1757 1050 1825 atque
1071 1746 1110 1805 ad

101 1830 184 1888 hunc
210 1831 317 1890 iterum
343 1831 513 1910 iterumque
540 1829 729 1890 tractandum
759 1840 792 1888 ut
820 1851 867 1889 me
895 1838 1121 1902 converterem,¹

103 1923 208 1971 auctor
224 1913 281 1972 fuit
295 1915 501 1992 gravissimus.
531 1916 573 1972 Et
588 1933 676 1992 quam
692 1914 867 1972 disserendo
882 1914 1008 1973 tradidit
1020 1913 1108 1972 disci-

100 1997 183 2074 pulis
198 2001 436 2078 monstravitque
453 2000 549 2070 viam,
575 2017 635 2076 qua
657 2006 739 2056 esset
761 1997 792 2056 in
815 1998 861 2056 his
879 1998 986 2056 studiis
1009 1999 1108 2074 ingre-

102 2080 261 2153 diendum,
286 2101 352 2141 eam
375 2083 441 2161 ipse
466 2082 605 2158 exemplo
628 2081 759 2158 praeivit
780 2081 995 2160 doctrinaeque
1017 2080 1107 2138 docu-

102 2172 205 2222 menta
226 2167 383 2244 proposuit
403 2166 642 2224 luculentissima
670 2165 969 2223 commentationibus
993 2162 1109 2222 duabus

103 2247 143 2305 de
156 2248 276 2326 hymnis
288 2250 459 2308 Homericis
473 2249 651 2326 conscriptis
668 2246 779 2324 (altera
790 2248 904 2306 inserta
914 2245 1027 2306 Studiis
1036 2247 1109 2307 Got-

102 2332 290 2408 tingensibus
311 2342 421 2395 a.1847
439 2332 542 2402 editis,
563 2333 660 2390 altera
680 2330 836 2407 Philologi
851 2331 920 2390 Vol.
934 2329 1006 2407 ΠΙ).
1052 2329 1110 2390 Oui

101 2416 169 2473 viro
196 2418 318 2494 egregie
343 2416 381 2474 de
404 2437 452 2475 me
477 2417 583 2474 merito
607 2423 750 2494 quantum
777 2414 889 2474 debere
911 2435 959 2473 me
982 2416 1110 2473 sentiam

102 2519 194 2578 quum
213 2519 313 2558 coram
331 2501 412 2578 ipso,
436 2501 505 2558 dum
526 2500 558 2558 in
573 2499 652 2557 vivis
670 2507 749 2570 erat,
771 2518 924 2577 nunquam
942 2497 1109 2558 dissimula·

102 2583 213 2654 verim,
234 2603 273 2642 ne
290 2603 342 2642 eos
358 2584 480 2662 quidem
496 2585 548 2663 qui
565 2583 640 2640 haec
657 2583 764 2640 lecturi
777 2584 841 2640 sint
858 2584 998 2660 ignorare
1016 2582 1108 2640 volui.

102 2665 167 2726 Sed
184 2677 291 2725 exacto
310 2666 509 2745 quadriennio
525 2675 724 2745 posteaquam
740 2667 845 2744 spatiis
862 2665 1048 2724 Academiae
1062 2684 1109 2723 re·

101 2751 183 2809 lictis
200 2759 442 2830 praeparatoque
457 2752 565 2809 itinere
577 2748 695 2808 Graeco
710 2749 826 2808 accessi
843 2749 881 2806 ad
895 2749 965 2806 loca
976 2749 1031 2806 illa
1044 2769 1110 2807 cum

100 2835 234 2912 ipsorum
257 2835 437 2893 amoenitate
462 2834 639 2911 conspicua,
663 2841 725 2891 tum
748 2833 868 2890 summis
883 2832 973 2890 rebus
987 2853 1042 2909 per
1057 2832 1096 2890 tri

101 2919 187 2994 ginta
199 2918 323 2976 saecula
334 2920 427 2995 gestis
436 2918 604 2987 nobilitata,
616 2937 676 2976 non
687 2918 840 2975 immemor
850 2915 992 2994 equidem
1003 2916 1110 2974 summi

100 3010 221 3078 poetae,
240 3004 324 3079 cujus
339 3001 441 3060 nullus
457 3021 551 3073 mons,
570 3001 671 3058 nullus
682 3001 765 3058 rivus
780 3019 829 3058 me
844 3019 905 3057 non
918 2999 1109 3070 admonebat,

102 3093 133 3142 et
147 3085 277 3144 Iliadem
295 3086 465 3144 memoriter
481 3085 624 3156 recitavi,
648 3105 739 3163 quum
755 3103 860 3160 agrum
875 3083 1042 3159 Trojanum
1064 3083 1109 3140 in·

100 3169 233 3228 viserem
250 3169 483 3248 Achilleumque
501 3169 646 3227 tumulum
663 3167 886 3246 adequitarem,
910 3174 940 3224 et
957 3166 987 3224 in
1002 3165 1109 3242 Aegeo

100 3252 219 3310 insulas
240 3252 468 3311 circumvehens
484 3251 586 3311 Ulixis
608 3271 723 3310 errores
740 3252 783 3308 ita
798 3251 969 3326 relegi,ut
984 3270 1045 3308 non
1062 3269 1109 3307 se·

101 3336 162 3394 mel
175 3335 214 3393 ad
226 3355 384 3412 vesperam
395 3335 478 3394 unda
487 3344 578 3394 vento
590 3336 745 3412 exameta
747 3333 915 3438 exemplar
927 3333 1009 3412 quod
1019 3352 1111 3392 manu

100 3419 246 3479 tenebam
260 3420 323 3478 sale
321 3440 412 3518 puro
428 3428 656 3514 conspergeret:
680 3407 756 3492 ἀμφὶ
779 3414 866 3476 δὲ
827 3438 907 3490 sopor
923 3416 1022 3496 στείρῃ
1037 3435 1110 3488 πορ-

97 3497 213 3582 φύρεον
228 3493 364 3580 μεγάλη
347 3523 411 3580 ιαχε
426 3491 497 3578 νηὸς
512 3497 620 3577 ἰούσης.
662 3502 724 3562 sed
746 3502 816 3560 dum
837 3500 912 3560 illud
930 3502 1025 3560 solum
1048 3501 1109 3559 cal·
