2624 4000
439 227 486 276 ιτ.
511 226 573 276 ειΣ
591 224 814 278 Αοοοοιτεεεε.
1087 218 1127 282 39

125 377 220 450 ταῦτ’
236 389 303 468 ἔχε,
324 378 480 460 Μαιάδος
493 380 544 450 υίέ
552 433 562 468 ,
584 383 639 449 καλ
652 377 839 468 ἀγραύλους
851 386 960 463 ἕλικας
974 391 1064 474 βοῦς,

125 489 248 561 ἵππους
262 479 293 550 τ’
308 479 514 570 ἀμφιπόλευε
528 484 584 550 καὶ
598 477 754 570 ἡμιόνους
767 486 984 572 ταλαεργούς·

31 577 33 602 ¹
125 586 193 666 [καὶ
206 599 381 673 χαροποῖσι
394 586 505 652 λέουσι
519 586 575 652 καὶ
589 580 781 672 ἀργιόδουσι
794 584 908 654 σύεσσι

29 731 30 734 =
123 686 181 753 καὶ
195 688 272 754 κυσὶ
285 687 341 754 καὶ
353 684 524 781 μήλοισιν,
545 683 607 753 ὅσα
620 687 733 772 τρέφει
748 682 860 773 εύρεία
873 685 990 775 χθών]
1075 705 1126 761 570

27 861 29 868 ,
125 790 206 854 πάσι
221 785 252 855 δ’
268 789 321 855 ἐπὶ
335 785 551 873 προβάτοισιν
565 784 722 855 ἀνάσσειν
736 786 878 875 κύδιμον
886 784 1025 878 Ἑρμῆν·
1100 863 1102 866 ,

124 887 197 955 οἷον
216 885 250 955 δ’
265 895 312 967 είς
323 885 435 975 Ἀΐδην
448 892 680 976 τετελεσμένον
694 885 836 974 άγγελον
850 891 945 976 εἶναι,
1026 941 1030 948 -

123 986 195 1056 ὅστ’
210 985 329 1067 άδοτός
342 1013 404 1077 περ
420 986 484 1057 ἐάν
500 987 598 1058 δύσει
611 992 710 1078 γέρας
724 985 785 1057 ούκ
800 990 979 1078 ἐλάχιστον.

204 1088 300 1158 Οὕτω
314 1089 470 1168 Μαιάδος
483 1087 558 1159 νίόν
571 1088 652 1172 άναξ
667 1095 824 1178 ἐφίλησεν
835 1089 1003 1162 Ἀπόλλων

122 1200 265 1280 παντοίῃ
278 1191 444 1280 φιλότητα
465 1191 562 1280 χάριν
576 1190 609 1261 δ’
625 1195 768 1278 ἐπέθηκε
781 1199 946 1282 Κρονίων.
1075 1211 1126 1267 5⁷5

122 1298 204 1362 πάσι
220 1291 252 1362 δ’
268 1291 325 1380 ὅγε
337 1304 492 1381 θνητοῖσι
505 1295 561 1362 καλ
576 1292 794 1362 ἀθανάτοισιν
807 1291 922 1383 ὁμιλεῖ.

122 1386 310 1484 παύραμὲν
323 1385 385 1463 οὖν
399 1392 548 1482 ὀνίνησι,
567 1394 604 1464 τό
620 1393 652 1463 δ’
668 1391 804 1482 άκριτον
817 1392 1015 1482 ἠπεροπεύει

122 1495 228 1565 νύκτα
243 1494 291 1565 δι’
305 1493 470 1585 ὀρφναίην
484 1501 575 1583 φύλα
588 1499 724 1584 θνητῶν
738 1491 937 1584 ἀνθρώπων.

198 1600 267 1667 Καὶ
280 1596 322 1667 σύ
334 1599 396 1686 μὲν
409 1597 496 1667 οὕτω
510 1614 620 1687 χαῖρε,
641 1595 723 1676 Διὸς
736 1600 792 1665 καὶ
809 1599 964 1678 Μαιάδος
977 1602 1043 1668 νίέ·

121 1695 226 1788 αύτάρ
240 1697 304 1786 ἐγιδ
318 1701 373 1768 καὶ
387 1716 456 1768 σεῖο
471 1702 526 1768 καὶ
540 1697 640 1788 ἀλλης
653 1697 794 1788 μνήσομ’
810 1697 931 1788 ἀοιδῆς.
1072 1719 1124 1771 580

590 2029 648 2092 IV.

464 2165 526 2215 Em
549 2163 771 2215 ΑοΡοΔτνΗΝ.

196 2305 321 2374 Μούσά
333 2332 388 2394 μοι
402 2312 520 2374 ἐννεπε
534 2313 613 2391 ἐργα
626 2304 836 2393 πολυχρύσου
848 2302 1050 2394 Ἀφροδίτης,

119 2405 311 2494 Κύπριδος,
334 2405 391 2494 ἥτε
403 2418 536 2476 θεοῖσιν
550 2408 604 2475 ἐπὶ
616 2404 745 2492 γλυκύν
758 2411 874 2495 ἵμερον
888 2399 984 2497 ὦρσε,

119 2516 177 2576 καί
188 2505 220 2575 τ’
236 2507 441 2597 ἐδαμάσσατο
455 2514 545 2597 φύλα
560 2512 779 2595 καταθνητῶν
792 2506 993 2598 ἀνθρώπων,

118 2609 259 2688 οίωνούς
272 2614 485 2724 τερδιφτετέας
498 2613 554 2679 καὶ
566 2618 671 2698 θηρία
685 2609 803 2698 πάντα,

118 2707 201 2799 ἡμὲν
214 2709 268 2779 όσ’
282 2705 416 2802 ἥίίέῒρος
429 2709 534 2782 πολλά
548 2715 662 2800 τρέφει
676 2708 731 2798 ηδ’
746 2709 808 2780 ὅσα
821 2712 955 2791 πόντος·
1104 2732 1120 2783 5

118 2817 220 2881 πάσιν
235 2811 269 2881 δ’
285 2821 364 2902 ἔργα
378 2818 523 2902 μέμηλεν
536 2812 743 2899 ἐϋστεφάνου
757 2820 964 2902 Κυθερείης.’

117 2913 251 3003 τρισσάς
266 2912 300 2983 δ’
314 2913 355 2983 ού
370 2914 508 2984 δύναται
523 2926 681 2983 πεπιθεῖν
695 2918 818 3002 φρένας
831 2911 907 2983 οὐδ’
921 2912 1100 3004 ἀπατῆσαι·

117 3016 243 3106 κούρην
258 3013 295 3103 v}
304 3016 462 3104 αἰγιόχοιο
476 3015 573 3102 Διὸς,
593 3013 801 3102 γλαυκώπιδ
814 3013 976 3104 Ἀθήνηνῖ

116 3115 157 3184 ού
173 3117 236 3205 γάρ
251 3100 377 3187 οῖ’ἀδῖν
392 3126 471 3208 ἔργα
489 3117 699 3205 πολυχρύσου
711 3115 915 3205 Ἀφροδίτης,

117 3214 191 3287 ἀλλ’
207 3217 272 3310 ἀρα
285 3225 319 3289 οί
329 3221 468 3308 πόλεμοί
478 3248 513 3288 τε
527 3217 611 3287 ἀδον
625 3220 680 3288 καὶ
694 3217 926 3307 ἐργονἍρηος,
1087 3237 1119 3288 10

117 3315 257 3409 ύσμῑναί
266 3350 302 3391 τε
315 3322 415 3410 μάχαι
429 3349 481 3407 τε,
504 3322 559 3390 καὶ
573 3316 678 3406 ἀγλαά
693 3318 763 3408 ἔργ’
779 3317 963 3405 ἀλεγύνειν.

118 3421 230 3511 κράτη
244 3427 399 3502 τέκτονας
412 3420 537 3512 ἀνδρας
551 3424 764 3507 ἐπιχθονίους
779 3424 909 3502 ἐδίδαξε

116 3530 249 3613 ποιησαι
259 3534 399 3630 ρατίνας
412 3551 447 3592 τε
461 3526 516 3592 καὶ
530 3520 658 3610 ἅρματα
672 3529 804 3590 ποικίλα
817 3524 936 3612 χαλκῷ.

257 3648 284 3690 U·
294 3661 319 3690 n:
339 3647 379 3682 Na
