2630 4010
414 257 462 307 IV.
487 256 549 306 ΕΙΣ
568 255 793 306 ΑΦΡΟΔΙΤΗΝ.

99 414 267 504 νήδυμον,
290 409 373 498 αὐτή
388 413 423 480 δὲ
437 419 512 501 χροῒ
526 417 644 482 ἕννυτο
659 417 773 499 εἵματα
787 411 880 481 καλά.

99 519 263 604 ἑσσαμένη
279 511 311 583 δ’
327 505 366 582 εὖ
379 512 487 583 πάντα
502 518 578 604 περὶ
593 522 667 604 χροῒ
680 519 735 582 δῖα
752 513 867 583 θεάων

99 626 178 705 ἔστη
193 616 259 705 πάρ
273 624 400 704 κλισίη·
423 614 599 703 εὐποιήτου
615 617 651 685 δὲ
664 614 835 704 μελάθρου

99 725 183 808 κῦρε
201 719 302 806 κάρη·
322 718 440 796 κάλλος
456 719 492 786 δὲ
505 718 675 806 παρειάων
687 714 881 805 ἀπέλαμπεν

99 819 285 911 ἄμβροτον,
307 815 379 888 οἷόν
393 816 423 886 τ’
438 821 528 889 ἐστὶν
543 819 750 908 ἐϋστεφάνου
763 826 961 908 Κυθερείης.
1061 832 1108 888 175

101 927 136 1006 ἐξ
149 922 260 991 ὕπνον
273 919 306 990 τ’
321 918 517 1009 άνέγειρεν,
531 929 607 1000 ἔπος
620 919 653 990 τ’
669 918 767 1008 ἔφατ’
782 927 819 990 ἔκ
831 916 863 989 τ’
877 917 1052 1007 ὀνόμαζεν·
1145 967 1147 971 ⁴

170 1021 305 1113 ’Όρσεο,
326 1029 539 1111 Δαρδανίδη·
559 1032 593 1093 τί
604 1051 647 1092 νυ
661 1022 822 1112 νήγρετον
834 1020 944 1091 ὀπνον
959 1020 1078 1102 ίαάεις;

101 1128 160 1195 καὶ
173 1125 313 1215 φράσαι,
335 1136 369 1194 εί
378 1152 429 1193 τοι
442 1122 538 1213 ὁμοίη
553 1123 639 1212 ἐγάν
653 1124 848 1210 ἰνδάλλομαι
864 1124 959 1210 εἶναι,
1062 1159 1065 1162 ·

103 1234 179 1315 οἵην
194 1227 235 1315 δή
247 1254 288 1315 με
301 1225 337 1295 τὸ
352 1231 485 1315 πρῶτον
499 1231 536 1296 ἐν
549 1223 754 1315 ὀφθαλμοῖσι
769 1225 906 1313 νόησας;

161 1327 221 1409 Ὣς
232 1325 334 1416 φάθ’·
346 1325 406 1396 ὁδ’
418 1332 451 1410 ἐξ
459 1326 578 1398 ὕπνοιο
587 1324 665 1417 μάλ’
674 1329 847 1416 ἐμμαπέως
853 1322 1053 1396 ὑπάκουσεν.
1062 1343 1111 1396 180

104 1427 149 1509 69
164 1431 201 1500 δὲ
214 1437 288 1499 ίδεν
302 1429 416 1518 δειρήν
430 1457 465 1498 τε
480 1433 535 1499 καὶ
548 1429 677 1519 ὀμματα
690 1425 765 1498 κάλ’
778 1424 988 1518 Ἀφροδίτης,

104 1531 269 1658 τάρβησέν
283 1534 386 1600 τεκαὶ
400 1529 476 1600 ὀσσε
491 1528 697 1621 παρακλιδὸν
711 1537 853 1654 ἔτραπεη
866 1527 958 1618 άλλη.

105 1631 152 1714 άψ
168 1630 200 1702 δ’
217 1626 309 1714 αὖτις
323 1642 440 1721 χλαίνη
454 1661 489 1702 τε
490 1633 672 1715 καλύψατο
686 1629 770 1701 καλά
783 1631 953 1720 πρόσωπα,

105 1743 164 1805 καί
173 1763 231 1858 μιη
245 1733 460 1859 λισσόμενος
451 1742 530 1804 ἔπεα
539 1735 725 1856 πτερόεητα
738 1733 926 1821 προσηύδα

175 1833 304 1960 Αότίμα
320 1833 352 1903 σ
369 1833 412 1916 69
425 1834 465 1904 τά
479 1841 603 1924 πρῶτα,
617 1835 694 1921 θεά,
710 1841 785 1918 ἴδον
798 1831 1034 1922 ὀφθαλμοῖσιν,
1062 1850 1111 1904 185

107 1947 232 2026 ἔγνων,
254 1935 298 2018 ὡς
311 1936 391 2018 θεὸς
404 1929 510 2026 ήσθα·
533 1935 576 2007 σὺ
591 1936 624 2006 δ’
639 1965 680 2006 ου
670 1936 851 2024 ’νημερτὲς
866 1943 980 2014 ἔειπες.

107 2039 190 2110 άλλά
202 2061 239 2109 σε
253 2038 335 2127 πρὸς
347 2037 455 2127 Ζηνὸς
463 2038 667 2163 γουνάζομαι
682 2037 852 2125 αίγιόχοιο,

107 2142 150 2231 μή
163 2170 204 2231 με
219 2139 315 2226 ζωντ’
330 2138 498 2230 άμενηνόν
512 2144 549 2210 ἐν
562 2137 813 2308 ανθρωποιιη
771 2141 909 2230 ἐάσης

107 2253 232 2330 ναίειν,
254 2240 329 2312 άλλ’
345 2238 522 2331 ἐλέαιρ’·εέ
506 2245 576 2311 ἐπεὶ
591 2269 638 2310 ον
621 2231 746 2330 ’βίόθά
766 2268 839 2329 μιος
853 2237 937 2329 άνήρ

109 2355 274 2434 γίγνεται,
295 2343 370 2413 ὅστε
383 2356 480 2422 θεαῖς
499 2340 668 2427 εὐνάζεται
682 2341 879 2431 άθανάτησι.
1065 2355 1113 2409 190

188 2445 254 2520 T6v
270 2441 337 2516 6’'
319 2473 380 2534 ημε
382 2442 467 2533 ίβετ’
484 2452 596 2514 ἔπειτα
610 2443 692 2536 Διὸς
704 2444 858 2533 θυγάτηρ
870 2440 1063 2532 ’·Αφροδίτη

106 2546 253 2637 Ἀγχίση,
273 2547 407 2617 κύδιστε
422 2552 641 2636 καταθνητῶν
655 2545 858 2636 ἀνθρώπων,

109 2650 246 2740 θάρσει,
268 2652 354 2738 μηδέ
364 2675 395 2716 τι
410 2653 486 2736 σῇσι
504 2648 585 2736 μετά
599 2651 698 2740 φρεσὶ
712 2654 838 2718 δείδιθι
851 2656 943 2735 λίην·

109 2749 149 2821 οὐ
164 2752 227 2840 γάρ
241 2760 295 2820 τοί
305 2779 336 2818 τι
351 2753 424 2829 δέος
438 2754 580 2820 παθέειν
593 2751 698 2820 κακὸν
713 2754 745 2832 ἐξ
760 2753 881 2837 ἐμέθεν
894 2775 944 2835 γε,

110 2851 186 2923 οὐδ’
202 2853 312 2922 άλλων
325 2851 498 2940 μακάρων·
519 2850 612 2938 ἐπειή
626 2861 722 2940 φίλος
736 2853 807 2920 ίσσλ
819 2863 938 2920 θεοῖσι
1065 2861 1115 2918 195

110 2959 163 3024 σοὶ
178 2953 210 3024 δ
227 2963 317 3025 ἔσται
330 2961 425 3041 φίλος
437 2951 558 3063 υίὸς,
547 2953 583 3032 ὀς
597 2957 636 3032 ἐν
651 2953 821 3052 Τρωεσσιν
839 2950 962 3037 άνάξει,

110 3060 167 3128 καλ
180 3061 296 3135 παιδες
310 3060 464 3124 παίδεσσι
480 3061 512 3123 δλ
500 3035 664 3143 αμπερδς
665 3054 898 3143 ίκγεγάονται

111 3187 157 3252 τφ
145 3159 210 3228 δὲ
224 3161 325 3227 καλΑ
293 3165 411 3227 Αίνεία
391 3153 524 3244 αςόνομ
529 3154 700 3245 ’ἔσσεται,
721 3154 880 3244 οὕνεκάμ
888 3150 1007 3221 ἀίνόν

7 3299 11 3312 ·
112 3258 242 3348 ἔσχεν”
221 3287 314 3347 αχος,
336 3263 433 3328 ε’νεκα
448 3263 570 3345 βροτοῦ
584 3255 700 3348 άνέρος
714 3267 856 3345 ἔμπεσον
871 3253 967 3341 εὐνή·

112 3361 264 3452 άγχίθεοι
279 3362 315 3431 δὲ
329 3360 468 3449 μάλιστα
482 3366 703 3448 καταθνητῶν
717 3357 908 3448 ἀνθρώπων
1064 3369 1116 3422 600

112 3469 176 3534 αίεὶ
191 3462 252 3551 ἀφ’
268 3459 426 3551 ὑμετέρης
440 3467 556 3550 γενεῆς
570 3462 657 3543 εἶδός
670 3490 706 3532 τε
720 3460 811 3549 φυήν
824 3489 867 3529 τε.

112 3557 183 3654 ἦτοι
196 3567 257 3656 μὲν
271 3564 398 3648 ξανθὸν
411 3563 610 3652 Γανυμήδεα
623 3568 757 3653 μητιέτα
771 3561 854 3642 Ζεὺς
