2630 4010
203 229 243 290 62
531 244 565 294 V.
590 242 652 292 ΕΙΣ
669 241 881 293 ΔΗΜΗΤΡΑΝ.

204 405 306 470 ἐλθεῖν
321 403 353 482 ἐξ
364 408 505 486 Ἐρέβευς,
526 405 582 469 ἵνα
596 395 632 486 μ’
647 395 873 484 ὀφθαλμοῖσιν
887 401 1004 465 ίδοῦσα

203 502 313 589 λήξαις
327 498 525 570 ἀθανάτοισι
538 500 637 589 χόλου
651 501 707 568 καὶ
720 497 835 586 μήνιος
849 503 955 586 αίνής,
1159 515 1209 568 410

203 600 314 673 αὐτίκ’
329 601 416 690 ἐγόν
429 600 588 691 ἀνόρουσ’
603 598 668 670 όπό
682 599 859 689 χάρματος·
881 597 986 688 αὐτὰρ
999 597 1017 668 ό
1031 600 1142 689 λάθρη

207 708 329 793 ἔμβαλέ
340 732 395 792 μοι
410 709 502 794 ροιής
515 705 653 789 κόκκον,
674 699 824 791 μελιηδέ’
840 700 981 790 ἐδωδήν,

203 806 352 876 ἀκουσαν
367 807 403 875 δὲ
417 814 474 894 βίη
489 834 529 896 με
542 805 815 894 προσηνάγκασσε
828 804 1007 874 πάσασθαι.

204 905 247 988 ὡς
261 911 300 979 δέ
311 905 348 996 μ’
364 905 553 996 ἀναρπάξας
567 912 740 996 Κρονίδεω
754 905 900 995 πυκινήν
916 906 970 975 διά
983 910 1081 994 μήτιν

204 1008 323 1103 ᾤχετο,
346 1008 469 1099 πατρός
483 1015 590 1098 ἐμοῖο,
610 1012 724 1097 φέρων
738 1004 803 1077 ὑπὸ
817 1008 942 1078 κεύθεα
956 1017 1062 1097 γαίης,
1158 1025 1207 1077 415

203 1114 336 1201 ἐξερέω,
357 1115 413 1182 καὶ
426 1111 533 1180 πάντα
549 1116 709 1198 διίξομαι,
731 1105 775 1191 ὥς
790 1114 952 1200 ἐρεείνεις.

202 1211 295 1303 ήμείς
309 1214 371 1300 μέν
383 1212 470 1301 μάλα
484 1218 586 1282 πάσαι
600 1210 656 1282 ἀν’
672 1212 805 1301 ίμερτόν
818 1217 973 1301 λειμῶνα,

184 1340 187 1345 ·
202 1323 379 1404 Λευκίππη
395 1315 511 1384 Φαινά
524 1343 560 1384 τε
573 1318 629 1385 καὶ
639 1312 795 1403 Ἠλέκτρη
809 1317 865 1384 καὶ
875 1312 998 1401 Ἰάνθη,

202 1422 258 1487 καλ
271 1425 401 1506 Μελίτη
414 1414 499 1506 Ἰάχη
513 1445 548 1487 τε
557 1413 682 1486 Ῥοδεία
695 1444 731 1485 τε
745 1417 913 1505 Καλλιρόη
927 1444 973 1502 τε,

202 1518 396 1607 Μηλόβοσίς
409 1547 444 1588 τε
463 1518 551 1607 Τύχη
565 1546 600 1588 τε
614 1521 670 1588 καὶ
681 1515 821 1607 Ὠκυρόη
835 1522 1033 1604 καλυκῶπις,
1157 1533 1206 1587 420
1231 1539 1237 1548 ·

108 1673 112 1676 -
203 1629 350 1709 Χρυσηίς
364 1617 394 1689 τ’
408 1616 546 1707 Ἰάνειρά
560 1617 592 1687 τ’
605 1616 742 1708 Ἀκάστη
756 1618 787 1690 τ’
801 1617 942 1709 Ἀδμήτη
958 1647 1003 1706 τε,

202 1727 258 1792 καὶ
266 1718 404 1809 Ῥοδόπη
418 1719 559 1790 Πλουτώ
573 1748 609 1789 τε
622 1724 678 1790 καὶ
693 1721 866 1811 ίμερόεσσα
878 1719 1040 1807 Καλυψώ,

202 1826 258 1892 καὶ
271 1822 361 1906 Στύξ
378 1821 527 1913 Οὐρανίη
541 1850 576 1892 τε
591 1823 786 1912 Γαλαξαύρη
800 1820 831 1891 τ’
847 1822 1008 1913 ἐρατεινὴ,

203 1933 359 2013 παίζομεν
372 1923 428 2014 ήδ’
444 1924 552 1995 ἀνθεα
567 1928 731 2013 δρέπομεν
744 1923 886 2014 χείρεσσ’
902 1924 1047 2014 ἐρόεντα,
1156 1941 1206 1994 425

202 2033 305 2116 μίγδα
318 2027 439 2116 κρόκον
452 2026 482 2096 τ’
498 2025 624 2115 ἀγανὸν
638 2029 694 2096 καὶ
707 2025 886 2116 ἀγαλλίδας
899 2025 956 2115 ήδ’
975 2023 1152 2112 ὑάκινθον,

203 2132 257 2198 καὶ
273 2132 390 2217 ῥοδέας
404 2127 549 2208 κάλυκας
561 2132 617 2198 καὶ
630 2137 753 2219 λείρια,
775 2133 893 2216 θαῦμα
909 2131 1054 2214 ἰδέσθαι,

201 2240 218 2284 *
233 2230 414 2320 νάρκισσόν
426 2227 478 2316 θ’,
498 2227 539 2299 όν
552 2227 664 2317 ἐφυσ’,
687 2229 797 2319 ὥσπερ
811 2230 948 2319 κρόκον,
964 2227 1076 2316 εύρεῖα
1090 2229 1192 2318 χθάν.

203 2331 308 2420 αύτάρ
322 2331 386 2420 ἐγὼ
402 2333 571 2422 δρεπόμην
585 2334 661 2419 περὶ
674 2332 830 2422 χάρματι·
850 2349 929 2419 γαῖα
945 2329 977 2401 δ’
992 2339 1110 2420 ἐνερθε

203 2433 368 2524 χάρησεν·
389 2439 431 2522 τή
446 2431 478 2502 δ’
494 2431 610 2520 ἔκθορ’
626 2431 708 2516 ἀναξ
722 2433 879 2523 κρατερός
891 2436 1129 2521 Πολυδέγμων.
1154 2449 1205 2502 430

203 2541 247 2625 βή
262 2537 298 2605 δὲ
311 2537 425 2624 φέρων
438 2532 504 2602 ύπό
516 2549 616 2620 γαίαν
631 2538 667 2603 ἐν
681 2533 803 2623 ἀρμασι
816 2547 997 2625 χρυσείοισι

202 2635 298 2707 πόλλ’
314 2634 552 2724 ἀεκαζομένην·
572 2635 694 2724 ἐβόησα
709 2634 741 2705 δ’
757 2635 809 2727 ἀρ’
825 2636 927 2727 όρθια
942 2641 1048 2726 φωνή.

201 2739 304 2809 ταύτά
318 2767 368 2808 τοι
382 2735 550 2827 ἀχνυμένη
564 2763 626 2826 περ
643 2737 769 2826 ἀληθέα
783 2737 881 2808 πάντ’
896 2736 1055 2829 ἀγορεύω.

269 2840 330 2920 Ὣς
344 2839 417 2909 τότε
430 2841 492 2928 μὲν
506 2840 639 2930 πρόπαν
651 2831 738 2929 ήμαρ
753 2837 923 2930 ὁμόφρονα
935 2840 1047 2930 θυμόν
1061 2847 1192 2927 ἔχουσαι

201 2941 306 3046 πολλή
318 2939 397 3030 μάλ’
412 2939 564 3030 ἀλλήλοιν
580 2949 722 3030 κραδίην
736 2945 792 3012 καὶ
804 2941 917 3031 θυμὸν
931 2955 1039 3013 ίαινον
1154 2958 1203 3011 435

200 3042 534 3134 ἀμφαγαπαζόμεναι·
556 3041 663 3131 ἀχέων
680 3041 714 3112 δ’
729 3042 916 3124 ἀπεπαύετο
929 3045 1045 3134 θυμός.
1286 3063 1287 3068 ’

199 3145 391 3235 γηθοσύνας
407 3141 438 3213 δ’
454 3147 605 3233 ἐδέχοντο
619 3143 700 3230 παρ’
715 3143 867 3234 ἀλλήλων
881 3145 992 3216 ἐδιδόν
1006 3173 1050 3215 τε.

200 3253 297 3337 τήσιν
311 3246 343 3317 δ’
361 3245 506 3334 ἐγγύθεν
519 3239 599 3334 ἦλθ’
609 3246 725 3334 Ἑκάτη
738 3248 1056 3337 λιπαροκρήδεμνος·

200 3349 305 3419 πολλά
326 3348 354 3418 δ’
373 3346 429 3437 ἀρ’
446 3347 667 3438 ἀμφαγάπησε
684 3348 788 3436 κόρην
800 3351 993 3440 Δημήτερος
1007 3346 1128 3437 ἁγνήν·

164 3510 178 3532 .
201 3550 322 3629 Παλλάς
338 3552 364 3618 τ’
385 3553 529 3639 ἐγρεμάχη
544 3559 595 3620 καὶ
608 3553 744 3639 ’Ἄρτεμις
757 3560 896 3640 ίοχέαιρα,
1155 3570 1204 3624 4θ4
