2630 4010
362 281 437 334 nv.
456 281 622 372 mox
639 282 878 333 mmm
1084 266 1124 329 89

578 481 670 545 XIV.

407 617 574 670 ΚΑΜΙΝΟΣ
593 619 621 668 H
639 619 836 670 mmm.
960 607 965 614 '

195 765 240 827 Εί
251 758 313 846 μὲν
327 757 449 827 θύσετε
462 758 603 846 μισθόν,
617 757 735 844 ἀείσω,
757 748 973 848 ύκεραμῆες·

120 858 215 948 δεῦρ’
230 855 285 947 ἄγ’
299 857 476 949 Ἀθηναίη,
494 862 551 929 καλ
564 856 717 949 ὑπείρεχε
730 877 825 948 χεῖρα
838 870 990 949 καμίνου,

121 952 160 1030 εύ
176 962 212 1030 δὲ
227 973 431 1049 περαυθείεν
445 959 577 1031 κότυλοι
593 964 649 1032 καὶ
663 961 771 1030 πάντα
785 961 964 1052 κάναστρα,

120 1067 317 1152 φρνχθῆυαί
329 1091 365 1132 τε
379 1067 486 1142 καλοῖς
499 1067 556 1133 καὶ
568 1068 663 1153 τιμῆς
677 1054 765 1132 ὦνον
778 1061 931 1152 ἀρέσθαι,

120 1162 226 1233 πολλὰ
239 1165 301 1252 μὲν
315 1173 366 1235 είυ
379 1162 485 1254 ἀγορῇ
500 1165 713 1253 πωλεύμενα,
735 1164 839 1234 πολλὰ
853 1163 887 1234 δ’
903 1164 1044 1254 ἀγυιαῖς,
1109 1185 1125 1238 5

121 1265 257 1334 *πολλὰ
272 1267 309 1335 δὲ
322 1272 498 1356 κερθηναι,
519 1264 598 1356 ἡμῖν
613 1268 649 1336 δὲ
664 1267 720 1356 δή,
744 1264 787 1346 ὥς
802 1286 884 1353 σφιν
898 1265 1015 1339 ἀεῖσαι.

122 1363 165 1455 ἦν
178 1365 212 1435 δ’
227 1365 281 1436 ἐπ’
296 1365 471 1456 ἀναιδείην
484 1372 686 1457 τρεφθέυτες
702 1365 820 1450 ψεύδε’
834 1366 973 1459 ἀρησθε,

121 1473 293 1556 συγκαλέω
309 1469 350 1558 δὴ
364 1477 476 1539 ἔπειτα
491 1479 618 1561 καμίνῳ
634 1474 828 1559 ἀηλητῆρας,

121 1567 286 1659 Σύντρίβ’
302 1567 389 1660 ὅμως
398 1570 579 1659 Σμάραγόν
592 1598 627 1640 τε
641 1573 696 1641 καὶ
709 1569 868 1659 ’Ἁσβετον
881 1568 1127 1660 ἠάἓΣαβάκτην

1 1750 7 1768 „
120 1669 307 1760 Ὠμόθαμόυ
320 1670 373 1759 θ’,
395 1670 430 1753 ὃς
444 1678 524 1761 τῇδε
537 1675 634 1762 τέχνη
648 1672 734 1744 κακά
748 1671 852 1742 πολλὰ
867 1681 999 1764 ποριζει.
1094 1693 1127 1745 10

122 1778 228 1860 πέρθε
242 1783 476 1862 πυραίθουσαν
489 1778 544 1844 καὶ
560 1774 693 1864 (λύματα
701 1827 711 1860 ,
731 1773 796 1843 σύν
810 1774 846 1843 δὲ
859 1773 996 1862 κάμινος

123 1881 211 1944 πᾶσα
225 1884 389 1964 κυκηθείη
397 1929 406 1963 ,
416 1879 598 1965 ’κεραμίων
611 1879 696 1964 μέγα
710 1874 943 1946 κωκυσάντων.

124 1974 168 2056 ὡς
181 1977 308 2065 γνάθος
323 1982 436 2066 ίππείη
450 1977 586 2067 βρύκει,
607 1977 726 2067 βρύκοι
741 1978 777 2046 δὲ
790 1975 936 2065 κάμινος,

124 2077 223 2148 πάντ’
238 2077 372 2148 ἔντοσθ’
388 2076 489 2168 αύτῆς
503 2079 664 2168 κεραμήια
681 2076 783 2148 λεπτὰ
798 2084 947 2147 ποιούσα.

125 2184 225 2270 δεῦρο
239 2183 295 2250 καὶ
309 2177 438 2252 Ἠελίου
452 2180 624 2270 θυγάτηρ,
644 2180 883 2269 κολυφάρμακε
897 2187 1017 2267 Κίρκη,
1097 2200 1128 2251 15

124 2280 223 2370 ἀγρια
238 2281 396 2371 φάρμακα
409 2281 525 2370 βάλλε,
546 2281 651 2352 κάκου
666 2279 700 2351 θ’
718 2279 838 2361 αύτούς
856 2309 892 2350 τε
906 2283 961 2350 καλ
975 2290 1064 2370 ἔργα.

57 2405 65 2416 “
125 2389 225 2471 δεῦρο
241 2385 276 2452 δὲ
292 2388 348 2453 καὶ
361 2392 493 2474 Χείρων
507 2381 613 2471 ἀγέτω
627 2383 747 2463 πολέας
764 2382 977 2472 κενταύρους,
995 2439 1000 2452 .

124 2491 159 2555 οἵ
170 2483 209 2554 θ’
220 2482 400 2575 Ἡρακλῆος
414 2503 524 2575 χεῖρας
538 2485 665 2574 φύγον,
689 2492 723 2555 ολ
734 2482 766 2572 τ’
781 2482 960 2554 ἀπόλοντο·

124 2586 279 2655 τύπτοιεν
292 2587 371 2658 τάδε
385 2595 465 2675 ἔργα
479 2592 604 2713 κακρὸς,
624 2596 737 2657 πίπτοι
752 2589 788 2657 δὲ
802 2586 948 2711 κάμινος,

0 2714 1 2775 J
125 2685 316 2758 αύτολάί
282 2687 502 2778 οἰμώζοντες
488 2689 614 2781 ορρίατο
629 2697 709 2778 ἔργα
722 2688 866 2776 πονηρά·
1097 2704 1131 2756 λυ

124 2789 263 2916 γηθησω
279 2787 341 2857 δ”
326 2792 434 2882 ορόων
449 2787 560 2861 αύτων
573 2789 847 2916 κακρθαίμογα’
812 2817 939 2913 τεχνην.

126 2887 161 2970 ὃς
177 2890 259 2961 δέ’
226 2920 246 2978 χ
274 2888 469 3019 ύπερκύυη,
492 2895 572 2980 πυρὶ
586 2890 705 2962 τούτου
719 2917 787 2960 παν
800 2889 836 2959 τὸ
850 2889 1029 2976 πρόσωπον

126 2992 349 3082 φλεχθείη,“
328 3023 370 3074 ως
384 3020 561 3074 παντες
521 2999 561 3064 ἐ
562 2992 703 3063 ίσταιυτ’
718 3004 889 3081 αίαιμαε
851 2991 889 3081 ῥὲ
891 3000 966 3076 ζειν.
