2624 4000
213 261 250 327 14
455 284 492 338 11.
519 283 580 336 σοι
597 277 803 332 λπολλαοε
819 276 975 338 Πνοτοα,

282 437 343 523 Ὣς
358 441 485 513 είποῦσ’
507 439 673 536 άπονόσφι
685 449 777 517 θεάν
791 439 842 516 κίε
855 449 1004 538 χωομένη
1019 449 1090 533 κῆρ.

214 542 322 616 αὐτίκ’
338 544 440 615 ἔπειτ’
456 539 556 637 ἠρᾶτο
571 555 694 638 βοῶπις
711 545 932 637 πότνιαἭρη,

213 651 299 736 χειρὶ
311 666 516 739 καταπρηνεῖ
529 649 561 719 δ’
577 659 671 722 ἔλασε
684 649 792 739 χθόνα
805 653 861 719 καὶ
875 649 958 736 φάτο
971 653 1098 736 μῦθον·
1164 666 1215 716 155

289 755 437 820 Κέκλυτε
451 757 515 819 νῦν
529 779 595 840 μοι,
610 761 695 822 Γαῖα
709 755 764 820 καὶ
775 748 925 838 Οὐρανὸς
941 747 1039 836 εῦρύς
1050 747 1214 837 ὕπερθεν,
1305 755 1306 764 ’

218 856 352 938 Τιτῆνές
366 880 401 920 τε
415 855 506 939 θεολ,
527 856 577 922 το]
591 851 655 922 ὑπὸ
669 855 768 941 χθονὶ
781 851 988 930 ναιετάοντες
1139 855 1213 933 [335]
1305 875 1306 884 ·

105 966 112 972 ’
219 952 389 1042 Τάρταρον
405 952 490 1042 άμφὶ
503 957 624 1042 μέγαν,
645 959 713 1022 τῶν
727 957 759 1037 ἓξ
777 952 896 1040 άνδρες
910 981 945 1020 τε
959 959 1038 1020 θεοί
1048 972 1098 1020 τε·

214 1052 320 1142 αῦτάρ
334 1060 399 1122 νῦν
412 1083 475 1143 μευ
490 1054 610 1135 πάντες
624 1053 786 1124 άκούσατε
799 1058 855 1124 καὶ
870 1053 944 1122 δότε
958 1059 1061 1121 παῖδα

214 1155 322 1280 νόσφι
328 1155 428 1241 Διὸς,
450 1159 555 1243 μηδέν
568 1184 599 1226 τι
613 1164 692 1244 βίην
706 1158 860 1225 ἐπιδευέα
873 1162 1000 1223 κείνου·
1165 1167 1215 1221 160

214 1254 322 1326 άλλ’“
304 1284 361 1344 ονε
375 1261 532 1344 φέρτερος
546 1268 613 1345 εἴη,
635 1255 714 1326 ὅσον
727 1257 861 1345 Κρόνου
875 1253 1022 1343 εῦράοπα
1036 1254 1129 1334 Ζεῦς.

282 1354 420 1446 Ὼςάρα
434 1357 608 1446 φωνήσασ’
622 1364 719 1446 ιμασε
733 1358 841 1445 χθόνα
853 1360 938 1445 χειρὶ
952 1364 1086 1443 παχείη·
1140 1361 1214 1438 [340]

214 1457 424 1547 κινήθηδ”’
402 1488 466 1547 αρα
481 1468 566 1529 Γαῖα
580 1465 769 1549 φερέσβιος·
792 1456 860 1546 ηδ’
876 1461 1031 1526 ἐσιδοῦσα

214 1563 349 1648 τέρπετο
363 1559 403 1628 δν
416 1559 499 1628 κατὰ
512 1561 640 1648 θυμόν·
662 1559 749 1629 όΐετο
762 1559 825 1647 γάρ
840 1562 1022 1628 τελέεσθαι.

215 1665 251 1729 ἐκ
265 1659 384 1728 τοῦτον
400 1658 440 1747 δη
454 1668 566 1729 ἔπειτα
580 1657 781 1748 τελεσφόρον
800 1668 846 1740 είς
860 1659 1014 1729 ἐνιαυτὸν
1164 1673 1215 1727 165
1305 1739 1306 1744 ¹

214 1760 291 1831 οῦτε
304 1759 378 1830 πότ’
395 1769 442 1840 είς
457 1760 558 1849 εὐνὴν
571 1761 653 1842 Διὸς
666 1762 773 1848 η’λυθε
786 1761 985 1849 μητιόεντος,

213 1860 290 1931 οὔτε
304 1860 380 1931 πότ’
395 1870 441 1941 είς
450 1868 564 1932 θῶκον
574 1868 830 1948 πολυδαίδαλον,
842 1859 884 1941 ὡς
894 1861 929 1930 τὸ
940 1860 1042 1948 πάρος
1053 1886 1126 1949 περ,
1141 1865 1213 1943 [345]

215 1961 318 2054 [αὐτῷ
333 1967 509 2052 ἐφεζομένη
524 1964 664 2044 πυκινὰς
675 1968 876 2052 ,φραζέσκετο
890 1962 1040 2051 βουλάς]

213 2063 288 2133 ἀλλ’
303 2062 359 2151 ἦν’
375 2069 412 2133 έν
425 2081 533 2151 νηοῖσι
548 2074 792 2135 πολυλλίστοισι
806 2069 951 2151 μένουσα
1005 2151 1007 2156 Ι

213 2169 349 2252 τέρπετο
363 2161 413 2244 οἷς
426 2171 541 2253 ἱεροῖσι
555 2173 679 2254 βοῶπις
694 2164 911 2254 πότνιαἭρη.
1164 2179 1213 2232 170

213 2265 287 2336 άλλ’
302 2265 357 2336 ὅτε
372 2265 412 2355 δὴ
426 2269 543 2347 νύκτες
558 2296 593 2337 τε
606 2271 661 2336 καὶ
674 2265 790 2356 ἡμέραι
805 2271 1009 2350 ἐξετελεῦντο

213 2363 260 2448 άψ
274 2373 547 2456 περιτελλομένου
562 2377 649 2447 ἐτεος
662 2371 718 2438 κα]
732 2369 902 2456 ἐπήλυθον
916 2359 1010 2455 εῦραι,
1141 2372 1212 2449 [350]

213 2464 233 2554 ἡ
249 2466 283 2536 δ’
298 2465 384 2536 ἔτεκ’
399 2467 476 2536 οὔτε
489 2479 581 2546 θεοῖς
596 2473 784 2556 ἐναλίγκιον
798 2468 875 2538 οῦτε
888 2476 1046 2557 βροτοῖσι,

214 2568 327 2637 δεινόν
342 2566 372 2635 τ’
388 2566 551 2656 άργαλέον
564 2596 600 2636 τε
619 2570 792 2656 Τυφάονα,
815 2576 905 2659 πῆμα
920 2579 1097 2658 βροτοῖσιν.

213 2667 331 2738 αὐτίκα
345 2669 442 2738 τόνδε
456 2675 602 2757 λαβοῦσα
618 2677 742 2757 βοῶπις
756 2668 965 2759 πότνιαἭρη
1166 2683 1212 2737 175

214 2775 321 2839 δάκεν
335 2778 447 2840 ἔπειτα
460 2774 608 2861 φέρουσα
621 2778 714 2864 κακῷ
725 2771 844 2841 κακόν·
867 2769 887 2861 ἡ
903 2769 937 2840 δ’
952 2769 1122 2839 ὑπέδεκτο.

213 2869 331 2959 ἣκακά
341 2870 436 2940 πόλλ’
448 2879 582 2961 έρδεσιιε
593 2873 675 2942 κατά
689 2871 791 2941 κλυτά
804 2870 886 2960 φῦλ’
901 2870 1119 2960 άνθριόπων]
1138 2874 1212 2952 [355]

212 2969 248 3050 ὃς
262 2969 338 3060 τῆν’
353 2971 535 3057 άντιάσειε,
556 2978 699 3061 φέρεσκέ
709 3002 767 3060 μιν
780 2985 913 3062 αίσιμον
926 2965 1023 3062 ἦμαρ,

214 3081 294 3160 πρίν
307 3077 347 3160 γέ
357 3080 391 3143 ολ
402 3073 455 3143 ἐόν
469 3078 592 3161 ἐφῆκεν
605 3073 687 3157 άναξ
702 3073 855 3162 ἑκάεργος
867 3072 1034 3143 Ἀπόλλων

212 3173 386 3262 καρτερόν·
409 3171 429 3262 ἡ
446 3172 480 3243 δ’
497 3172 658 3263 όδῦνησιν
669 3179 869 3264 ἐρεχθομένη
886 3181 1057 3264 χαλεπῇσι,
1164 3188 1212 3242 180

213 3291 301 3343 κεῖτο
315 3273 390 3363 μέν’
406 3273 637 3364 άσθμαίνουσα
650 3281 871 3366 κυλινδομένη
884 3275 966 3345 κατά
980 3282 1097 3363 χοῖρον.

212 3385 373 3463 θεσπεσίη
388 3374 421 3444 δ’
437 3376 538 3463 ἐνοπὴ
551 3376 660 3464 μένετ’
675 3376 829 3460 ἄσπετος·
850 3375 921 3464 ἡδὲ
935 3376 1018 3446 καθ’
1033 3375 1119 3464 ῦλην
1139 3379 1212 3456 [360]
1302 3449 1303 3466 ¹

212 3475 322 3545 πυκνά
336 3473 415 3564 μάλ’
432 3483 516 3545 ἔνθα
530 3481 585 3546 καὶ
599 3485 683 3548 ἔνθα
697 3480 857 3563 ἑλίσσετο,
878 3487 970 3546 λεῖπε
986 3478 1022 3545 δέ
1035 3474 1146 3564 θυμὸν

212 3575 331 3663 φοινὸν
344 3575 578 3645 άποπνείουσ’·
602 3577 619 3646 ὁ
635 3577 668 3646 δ’
684 3578 845 3664 ἐπηύξατο
860 3586 981 3665 Φοῖβος
994 3575 1176 3646 Ἀπόλλων·
