2630 4010
219 236 260 302 98
531 221 909 305 εευεεεοωυοκεκει.

219 407 333 498 ἀκροις
346 409 412 499 πάρ
426 417 607 497 χείλεσσιν,
629 406 714 478 ὅπου
727 408 955 496 κατάκρημνος
968 407 985 478 ὁ
998 416 1120 500 χῶρος·

219 507 318 596 ἡνίκα
333 517 353 579 δ
358 507 367 534 '
381 508 583 600 ὁρμηθέντες
597 509 654 598 ἐφ’
669 509 769 599 ἡμέας
783 513 951 598 ἐξέλθωσι,

221 611 417 701 δραξάμενοι
431 613 606 701 κορύθων,
625 610 715 692 ὅστις
728 611 847 700 σχεδὸν
860 610 971 692 ἀντίος
985 622 1079 704 ἐλθη,

219 717 387 802 ἐςλίμνηυ
401 711 522 794 αύτούς
535 715 600 784 σὺν
614 718 755 794 ἐκείναις
769 711 856 783 εύθδ
869 715 1033 804 βάλωμεν.
1292 689 1295 774 λ

218 813 305 883 οὕτω
321 816 383 905 γὰρ
397 821 571 898 πνίξαντες
584 821 622 886 ἐν
634 814 736 885 ὕδασι
749 814 826 894 τούς
838 812 1047 904 άκολύμβους
1293 809 1295 836 ’

218 915 381 1004 στήσομεν
395 915 550 1006 εὐθύμως
563 917 601 987 τὸ
615 917 800 1006 μυοκτόνου
815 909 880 987 ῶδε
893 917 1060 1006 τρόπαιον.

287 1014 347 1097 Ὦς
361 1018 465 1089 είπῶν
477 1017 631 1090 ἀνέπεισε
644 1028 906 1103 καθοπλίζεσθαι
920 1017 1076 1102 ἅπαντας.
1172 1041 1224 1096 160
1291 1041 1295 1110 1

217 1118 356 1205 φύλλοις
368 1121 430 1208 μέν
442 1126 599 1210 μαλαχῶν
611 1121 738 1210 κνήμας
755 1119 808 1200 ἐάς
821 1118 1075 1209 ἀμφεκάλυψαν,

216 1219 373 1308 θῶρηκας
388 1221 421 1291 δ’
437 1222 526 1310 εἶχον
539 1227 652 1292 καλῶν
664 1227 811 1310 χλοερῶν
824 1219 888 1291 ἀπὸ
902 1222 1060 1312 σεύτλων,

217 1321 328 1411 φύλλα
344 1325 380 1393 δέ
392 1329 459 1398 τῶν
472 1329 632 1414 κραμβῶυ
646 1333 692 1404 είς
705 1323 846 1402 ἀσπίδας
861 1315 901 1393 εύ
912 1322 1070 1413 ἤσκησαν,

217 1433 311 1512 ἔγχος
326 1423 358 1494 δ’
373 1422 561 1515 όξύσχοινος
575 1427 700 1518 ἑκάστῳ
714 1423 837 1516 μακρὸς
851 1423 976 1514 ἀρήρει,

216 1528 272 1595 καὶ
285 1525 325 1594 τὰ
338 1530 419 1616 κέρα
432 1534 574 1616 κοχλιῶν
586 1534 715 1598 λεπτῶν
729 1529 889 1598 ἐκάλυπτε
903 1526 1039 1615 κάρηνα.
1176 1551 1223 1604 165

217 1627 419 1716 φραξάμενοι
435 1627 468 1697 δ’
484 1637 625 1717 ἔστησαν
639 1628 693 1699 ἐπ’
707 1627 811 1719 όχθης
825 1626 991 1717 ύηιηλῇσιν
1060 1666 1065 1684 ι

217 1737 361 1809 σείοντες
374 1731 510 1819 λόγχας,
530 1736 646 1819 θυμοῦ
660 1729 693 1800 δ’
709 1740 873 1820 ἔμπληντο
887 1735 1029 1810 ἕκαστος.

293 1831 377 1912 Ζεὺς
393 1833 429 1902 δέ
442 1831 545 1912 θεούς
558 1837 698 1913 καλέσας
713 1841 759 1913 εἰς
772 1830 918 1920 ούρανόν
932 1829 1141 1922 ἀστερόεντα,

216 1935 272 2002 καλ
287 1936 431 2023 πολέμου
445 1933 581 2022 πληθύν
595 1939 704 2018 δείξας
716 1933 895 2024 κρατερούς
908 1961 944 2003 τε
959 1935 1114 2023 μαχητάς,

216 2033 358 2114 πολλοὺς
372 2039 428 2104 καὶ
441 2036 604 2124 μεγάλους
618 2034 677 2125 ἠδ’
692 2046 788 2125 ἔγχεα
801 2034 911 2125 μακροὶ
924 2037 1099 2124 φέροντας,
1172 2055 1224 2109 170

216 2132 283 2216 οἷος
296 2138 502 2225 Κενταύρων
514 2137 652 2227 στρατὸς
666 2147 793 2227 ἔρχεται
809 2135 869 2226 ήδὲ
882 2137 1066 2224 Γιγάντων,

214 2235 279 2325 ήδύ
293 2244 401 2326 γελῶν
416 2243 554 2329 ἐρέεινε·
573 2248 661 2320 τίνες
675 2240 889 2328 βατράχοισιν
903 2235 1027 2328 ἀρωγοὶ

215 2335 237 2428 η’
253 2343 354 2427 μυσὶν
368 2338 564 2423 ἀθανάτους
585 2345 641 2411 καὶ
652 2339 833 2430 Ἀθηναίην
847 2343 1059 2429 προσέειπεν·

287 2431 328 2510 Ὦ
340 2442 507 2530 θύγατερ,
525 2445 627 2531 μυσὶν
640 2435 663 2530 ἦ
676 2447 718 2533 βα
731 2442 945 2532 βοηθήσουσα
959 2441 1124 2529 πορεύση;

214 2545 271 2612 καλ
284 2543 348 2630 γάρ
364 2565 425 2612 σου
439 2542 522 2612 κατά
535 2542 619 2632 νηὸν
632 2542 684 2612 ἀεὶ
697 2550 875 2633 σκιρτῶσιν
889 2541 1032 2622 ἅπαντες
1169 2559 1223 2614 175
1292 2529 1293 2615 λ

217 2653 333 2733 κνίσση
347 2645 542 2733 τερπόμενοι
556 2647 613 2714 καὶ
627 2647 781 2735 ἐδέσμασι
795 2651 1067 2715 παντοδαποῖσιν.

278 2736 345 2825 ΙὮς
359 2744 414 2836 ἀρ’
427 2755 493 2835 ἐφη
506 2752 690 2836 Κρονίδης·
711 2748 770 2817 τὸν
784 2749 821 2817 δὲ
835 2749 1032 2837 προσέειπεν
1043 2744 1184 2834 Ἀθήνη·
1291 2779 1292 2792 ’

211 2838 250 2914 Ὦ
265 2847 386 2935 πάτερ,
407 2847 469 2917 ούκ
483 2847 526 2918 ἀν
539 2845 667 2918 πώποτ’
683 2848 747 2937 έγῶ
761 2852 842 2939 μυσὶ
855 2850 1093 2936 τειρομένοισιν

216 2953 353 3036 ἐλθοίην
366 2949 553 3037 ἐπαρωγὸς,
575 2953 646 3019 ἐπεὶ
658 2949 744 3020 κακδι
759 2949 864 3020 πολλά
877 2947 914 3039 μ’
930 2957 1050 3037 ἔοργαν

92 3073 105 3094 “
214 3052 380 3138 στέμματα
394 3050 595 3140 βλάπτοντες
611 3054 667 3121 καὶ
681 3051 821 3139 λύχνους
835 3049 938 3121 εἵνεκ’
953 3055 1074 3120 ἐλαίου.
1171 3063 1224 3119 180

214 3156 310 3221 τούτο
325 3154 440 3241 δέμον
454 3160 530 3241 λίην
545 3159 643 3223 ἔδακε
656 3155 797 3242 φρένας,
820 3149 892 3223 οἷον
906 3155 1028 3241 ἔρεξαν.

214 3256 341 3323 πέπλου
355 3282 419 3342 μου
433 3258 657 3343 κατέτρωξαν,
680 3252 720 3323 δυ
732 3254 881 3344 ἐξύφανα
894 3257 1044 3342 καμοῶσα

216 3359 251 3423 ἐκ
265 3355 408 3443 ροδάνης
422 3361 541 3444 λεπτῆς
554 3359 609 3425 καὶ
623 3356 769 3445 στήμονα
781 3355 903 3426 λεπτὸν
917 3363 1028 3442 ἐνησα,

216 3458 300 3524 *καὶ
313 3456 459 3543 τρῶγλας
474 3459 664 3526 ἐτέλεσσαν·
685 3454 702 3526 δ
717 3455 751 3527 δ’
766 3456 891 3547 ήπητής
905 3485 959 3546 μοι
975 3457 1093 3540 ἐπέστη

214 3559 271 3624 καὶ
286 3557 425 3646 πράσσει
439 3585 479 3645 με
493 3557 607 3628 τόκον·
627 3558 664 3627 τὸ
680 3558 716 3627 δέ
731 3563 840 3647 ῥίγιον
853 3557 1081 3630 ἀθανάτοισιν.
1170 3567 1225 3623 185
1288 3621 1289 3632 ,
