2630 4010
407 278 454 329 ιν.
481 278 543 327 m
560 275 786 339 ιΦΡοΔιυιια.
1059 265 1098 324 47

91 433 152 522 ἥδε
168 437 252 502 όέί
217 461 235 502 ο
237 430 344 501 ίκατόι
356 429 470 518 θυμόν
483 429 598 520 άρίστη
612 440 749 519 φαίνετο
763 433 884 522 βουλή·
1047 453 1099 506 235

91 540 129 605 ἐν
142 534 284 625 θαλάμφ
299 537 478 620 κατέθηκε,
499 533 608 622 θύρας
624 531 658 601 θ’
674 537 818 621 ἐπέθηκε
832 536 981 621 φαεινάς.

91 665 151 706 του
138 634 235 705 0”'
214 663 285 725 ητοι
300 662 397 758 φωνη
384 631 498 722 ρεῑ”
476 657 616 714 ασπετος
624 688 634 722 ,
654 630 737 704 οάθέ
747 664 779 704 τι
793 644 923 716 κίκυς
914 625 1039 741 *mlta
1052 633 1095 694 Η

92 735 180 823 ἐσθ’,
203 743 256 826 οἵη
271 737 374 826 πάρος
389 743 486 805 ἐσκευ
500 739 550 805 ἐνὶ
562 751 762 855 γναμπτοῖσι
776 740 939 825 μέλεσσιν.

92 839 154 909 οάκ
167 835 210 908 άν
224 843 330 926 ἐγωγέ
341 859 379 908 σε
392 853 483 908 τοῖον
499 842 536 907 ἐν
550 835 769 908 άθανάτοισιν
784 842 917 929 ἑλοίμην

92 939 295 1011 άθάνατόυτ
300 937 410 1010 ἐἶναι
424 944 480 1009 καλ
494 939 624 1024 ζώειν’
603 968 710 1028 ηματα
724 940 840 1030 πάντα.
1046 960 1099 1014 240

92 1041 167 1111 ἀλλ’
184 1043 287 1131 εἰμὲν
301 1047 448 1121 τοιοῦτος
462 1041 527 1111 ἐών
542 1042 629 1121 εἶδός
645 1069 680 1110 τε
696 1045 795 1130 δέμας
808 1070 844 1111 τε

93 1145 205 1230 ζώοις,
225 1139 380 1233 ἡμέτερός
393 1171 429 1212 τε
443 1143 538 1223 πόσις
552 1147 750 1232 κεκλημένος
765 1155 844 1230 εἴης,

91 1244 153 1315 οὐκ
168 1242 211 1313 άν
225 1243 385 1314 ἔπειτα
350 1275 374 1334 μ
401 1242 478 1333 άχος
491 1245 633 1325 πυκινὰς
646 1249 771 1334 φρένας
785 1243 1040 1333 άμφικαλόπτοι.

85 1396 88 1419 ι
91 1376 156 1416 νν
171 1351 211 1417 δέ
221 1368 259 1416 σε
272 1346 386 1435 μὲν
346 1375 428 1434 ταχα
441 1351 545 1436 γῆρας
558 1343 686 1435 ὁμοίιον
699 1345 928 1435 άμφικαλόψει

49 1377 185 1538 ς*λλλλλλι
187 1448 295 1535 ἐς,’
257 1476 294 1517 το
308 1476 326 1518 τ
331 1444 467 1518 ’ἔπειτα
480 1456 677 1536 παρίσταται
691 1446 933 1536 άνθρώποισιν,
1047 1467 1099 1522 245

91 1549 289 1638 οὐλόμενον,
311 1550 517 1641 καματηρόν,
538 1549 606 1620 ὅτε
621 1554 796 1637 στυγέουσι
809 1560 889 1621 θεοί
898 1551 970 1642 περ.

92 1651 197 1741 αάτάρ
212 1655 283 1740 ἐμοὶ
295 1649 369 1740 μέγ’
384 1651 543 1733 όνειδος’
527 1681 563 1722 εν
578 1650 775 1722 άθανάτοισι
788 1663 921 1724 θεοῖσιν

92 1752 256 1824 ἔσσεται”
235 1782 342 1842 ηματα
355 1753 463 1824 πάντα
478 1755 702 1844 θιαμπερές”
670 1782 781 1824 εινεκα
795 1770 876 1842 σεῖο,
992 1763 1006 1769 ”

91 1866 125 1925 ολ
137 1859 217 1945 πρὶν
231 1854 329 1944 ἐμοὺς
341 1852 529 1944 όάρουςκαλ
543 1855 675 1945 μήτιας,
696 1854 749 1936 αἷς
762 1881 842 1925 ποτε
855 1856 981 1937 πάντας

91 1956 282 2037 ἀθανάτους
295 1961 453 2047 συνέμιξα
467 1962 695 2047 καταθνητῇσι
708 1960 851 2046 γυναιξὶ,
1045 1977 1097 2029 250

91 2060 291 2148 τάρβεσκον
312 2059 438 2139 πάντας
451 2058 514 2148 γάρ
529 2058 608 2147 ἐμόν
623 2058 846 2148 δάμνασκε’
806 2087 922 2147 υοημα.

90 2168 156 2230 νῦν
170 2163 207 2230 δὲ
222 2161 263 2249 δὴ
277 2160 387 2231 οόκέτι
402 2189 457 2249 μοι
471 2160 574 2249 στόμα
587 2168 729 2248 χείσεται
744 2164 939 2249 ἐξονομηναι

91 2269 187 2332 τοῦτο
201 2291 260 2351 μετ
264 2260 523 2349 ’άθανάτοισιν,
544 2253 614 2332 ἐπεὶ
628 2263 715 2350 μάλα
729 2261 853 2332 πολλόν
866 2258 1009 2351 άάσθην,

91 2369 257 2452 σχέτλιον,
277 2361 339 2434 οὐκ
353 2362 554 2453 ὀνομαστόν,
575 2361 817 2454 άπεπλάγχθην
832 2364 920 2434 δὲ’
881 2391 982 2452 νοοιο,

92 2463 277 2536 παῖδαιλ’”
258 2465 323 2534 υπὸ
338 2466 424 2555 ζώνη
439 2470 564 2555 ἐθέμην
577 2472 688 2559 βροτῷ
703 2463 892 2555 εὐνηθεῖσα.
1045 2485 1096 2539 255

91 2567 149 2638 τὸν
162 2567 223 2655 μὲν
231 2620 241 2654 ,
265 2565 348 2656 ἐπὴν
363 2568 404 2656 δὴ
418 2572 550 2658 πρώτον
564 2575 619 2658 λιλη
634 2569 719 2654 φάος
732 2567 865 2657 ἠελίοιο,

90 2669 234 2757 Νύμφαι
247 2697 305 2756 μιν
317 2672 505 2758 θρέψουσιν
518 2667 677 2763 ὀρεσκῷοι
691 2670 912 2758 βαθύκολποι,

91 2781 127 2842 αλ
138 2771 215 2840 τόδε
228 2770 440 2841 ναιετάουσιν
453 2769 529 2859 όρος
542 2775 626 2860 μέγα
640 2801 675 2842 τε
689 2771 808 2857 ζάθεόν
822 2791 874 2840 τε·

91 2879 128 2942 αἴ
142 2870 175 2962 ῤ’
190 2870 267 2943 οάτε
280 2885 418 2960 θνητοῖς
431 2870 503 2943 οὔτ’
519 2870 738 2943 άθανάτοισιυ
752 2877 902 2943 ἕπονται·

93 2972 195 3064 δηρὸν
210 2976 270 3062 μὲν
285 2975 402 3059 ζώουσι
416 2978 471 3045 καλ
485 2972 653 3064 άμβροτου
668 2975 761 3061 εἶθαρ
776 2982 899 3059 ἔδουσι,
1045 2988 1097 3043 260

91 3085 149 3146 καί
159 3104 194 3146 τε
208 3073 280 3165 μετ’
296 3074 494 3146 άθανάτοισι
508 3075 611 3145 καλὸν
624 3075 723 3165 χορόν
738 3077 934 3167 ἐρρώσαντο.

91 3183 165 3266 τῇσι
180 3177 217 3247 δὲ
230 3187 391 3266 Σειληνοί
399 3205 434 3248 τε
447 3179 503 3248 καλ
517 3174 677 3259 εόσκοπος
689 3176 920 3266 Ἀργειφόντης

91 3277 242 3368 μίσγοντ’
259 3283 296 3348 ἐν
310 3278 461 3368 φιλότητι
475 3284 570 3368 μυχῷ
583 3290 709 3350 σπείων
723 3283 893 3368 ἐροέντων.

92 3387 165 3470 τῇσι
181 3378 213 3450 θ’
228 3379 286 3468 ἅμ’
302 3377 323 3470 λη’
337 3380 448 3451 ἐλάται
462 3378 500 3469 ἠὲ
515 3380 613 3469 ὃράες
626 3379 827 3469 ὑψικάρηνοι

91 3486 323 3572 γεινομένησιν
337 3491 465 3571 ἔφυσαν
480 3485 534 3552 ἐπὶ
547 3487 645 3570 χθονλ
659 3491 869 3572 βωτιανείρῃ,
1045 3491 1097 3548 265

90 3587 205 3672 καλαὶ,
229 3585 467 3672 τηλεθάουσαι,
491 3589 528 3654 ἐν
542 3582 678 3674 οάρεσιν
691 3581 884 3673 ὑψηλοῖσιν·
