2624 4000
517 192 733 246 PRAEFATIO.
1077 195 1130 247 VII

122 349 216 408 simus
234 348 363 428 quisque
382 347 490 405 harum
505 365 605 404 rerum
624 344 723 420 judex
742 365 781 404 ne
797 346 834 404 ah
852 347 915 404 ullo
935 347 1055 426 quidem
1076 367 1127 406 ex·

122 429 305 509 spectabit);
328 429 386 489 sed
405 430 545 488 intellexi
561 448 644 487 nova
664 431 751 507 quasi
765 429 970 489 ¹fundamenta
983 431 1129 508 jacienda

122 533 202 585 esse,
221 513 376 592 inquibus
392 514 494 572 futura
509 512 792 592 aliquando-horum
809 517 973 573 carminum
989 517 1128 574 recensio

118 599 220 677 possit
241 598 365 656 exstrui
409 597 489 657 Nam
510 594 623 675 quod'
615 616 645 653 ιιι
649 615 842 736 tunotquoque
866 599 1128 676 antiquoauctore

119 681 189 740 ficri
202 679 314 739 debere
324 699 405 739 nunc
419 699 522 738 omnes
535 680 735 751 consentiunt,
751 679 952 739 utcodicibus
966 680 1094 758 diligent
1096 703 1128 740 er

120 764 261 822 excussis
283 771 351 840 pret
352 765 441 842 ioque
465 783 567 822 eorum
590 763 752 822 constituto
736 764 919 841 ascriptura
939 765 1066 843 primum
1089 765 1128 824 ad

119 847 217 906 solam
240 846 328 906 fidem
353 855 383 906 et
409 847 620 906 auctoritatem
642 846 787 905 librorum
808 857 981 920 revocetur,
1016 847 1127 907 deinde

120 930 301 1006 conjectura
318 931 508 1002 emendetur,
532 929 564 988 id
579 928 714 987 adhunc
730 929 808 988 diem
824 932 936 989 factum
954 951 1014 990 non
1034 941 1079 990 est
1095 933 1127 990 in

117 1013 168 1070 his
184 1013 314 1091 hymnis,
334 1034 426 1094 quum
439 1033 540 1092 neque
556 1011 677 1072 codices
694 1014 768 1072 satis
787 1023 928 1072 accurate
944 1023 1047 1074 essent
1066 1015 1124 1073 col-

118 1097 177 1155 lati
202 1117 303 1176 neque
332 1107 392 1175 quo
423 1099 550 1178 quisque
578 1096 645 1156 loco
670 1095 828 1155 habendus
857 1106 938 1157 esset
964 1107 1125 1158 constaret.

119 1179 213 1257 Quod
228 1190 261 1238 ιιι
274 1181 397 1240 tandem
407 1190 490 1240 recte
502 1181 598 1252 tieret,
615 1179 863 1240 Schneidewinus
876 1201 998 1260 operam
1012 1183 1126 1258 impen-

119 1263 208 1323 derat
225 1265 467 1343 impigerrimam.
510 1264 582 1341 Ipse
606 1263 777 1322 contulerat
797 1284 870 1322 cura
895 1264 1127 1340 diligentissima

118 1346 257 1406 codicem
271 1349 522 1420 Moscoviensem‚
540 1356 571 1405 et
586 1346 624 1404 ab
642 1346 774 1404 amicitia
786 1347 912 1406 Henrici
923 1348 1021 1406 Keilii
1032 1351 1070 1408 V.
1080 1347 1126 1409 Ol.

116 1431 349 1508 impetraverat,
371 1441 404 1491 ut
426 1433 452 1490 is
474 1433 505 1488 in
527 1431 637 1489 itinere
651 1429 759 1488 Italico
781 1429 905 1489 duorum
922 1431 1065 1489 librorum
1082 1433 1126 1490 le-

117 1515 236 1574 ctiones
250 1517 362 1593 primus
380 1523 530 1589 enotaret,
548 1514 672 1572 alterius
687 1514 895 1588 Laurentiani,
912 1515 1036 1574 alterius
1052 1515 1124 1572 Am-

116 1597 263 1658 brosiani.
313 1601 378 1659 Has
405 1598 584 1658 collationes
610 1606 810 1676 posteaquam
837 1618 876 1657 ax
900 1599 1126 1658 Schneidewini

115 1681 205 1740 libris
223 1685 396 1762 comparavi
418 1704 474 1762 per
490 1683 602 1741 Ernest
590 1691 653 1741 tum
674 1680 712 1740 de
727 1682 876 1754 Leutsch,
895 1691 1125 1780 praeceptorem

116 1765 149 1822 in
164 1785 212 1824 me
224 1767 419 1826 benevolent
397 1768 553 1838 nselmum,
571 1774 633 1823 tum
650 1765 768 1824 demum
781 1765 921 1841 judicare
934 1767 1028 1842 potui,
1046 1787 1125 1846 quae
1163 1829 1173 1848 ,Ι

115 1849 169 1907 via
185 1869 222 1908 ac
236 1850 343 1909 ratiot
345 1858 433 1909 extus
451 1869 539 1929 quem
551 1857 669 1907 vocant·
680 1858 765 1907 const
753 1849 905 1907 tituendi'
896 1870 928 1907 ιιι
943 1845 989 1908 his
1004 1851 1123 1931 hymnis
1162 1847 1167 1856 '

116 1941 200 1992 esset
214 1933 425 2011 ingredienda.
457 1933 521 1994 Sed
536 1932 674 2013 quoniam
690 1933 859 1991 institutum
874 1933 965 2010 hujus
983 1932 1123 1992 editionis

114 2036 164 2075 me
180 2036 241 2076 non
257 2019 327 2076 sinit
342 2017 393 2075 vel
409 2017 539 2076 omnium
553 2016 696 2074 librorum
712 2015 819 2074 afferre
834 2015 982 2076 lectiones
994 2017 1045 2075 vel
1058 2037 1117 2075 ean

114 2119 208 2178 quam
223 2101 297 2160 mihi
315 2100 475 2159 informavi
492 2099 673 2159 sententiam
694 2098 732 2158 de
749 2100 897 2176 scriptura
913 2099 1048 2158 codicum
1067 2095 1119 2158 eli·

114 2184 217 2260 genda
234 2185 418 2262 argumentis
440 2193 471 2243 et
492 2181 668 2242 disserendo
685 2182 894 2260 comprobare,
919 2203 1006 2260 spero
1022 2204 1069 2262 me
1085 2184 1122 2242 iis

114 2268 169 2345 qui
184 2267 262 2327 haec
279 2267 448 2327 accuratius
472 2267 596 2344 cupient
614 2285 796 2342 cognoscere
812 2267 1036 2325 satisfacturum
1055 2286 1122 2326 esse

115 2349 251 2410 editione
265 2352 371 2428 majori
383 2371 462 2409 anno
473 2351 621 2428 proximo,
636 2350 660 2408 si
674 2349 748 2407 deus
760 2349 865 2409 faveat
880 2351 1034 2428 officiique
1045 2351 1122 2408 ratio

113 2434 293 2512 permiserit,
310 2434 474 2512 proditura.
518 2434 642 2492 Interea
658 2432 716 2491 hoc
730 2441 847 2492 tantum
865 2435 1011 2492 monitum
1030 2433 1126 2492 velim

113 2517 226 2575 falsam
248 2537 315 2577 esse
338 2538 374 2576 ac
396 2518 489 2595 plane
506 2515 704 2576 evertendam
726 2518 897 2593 opinionem
919 2537 997 2595 quae
1015 2517 1121 2576 indea

112 2600 293 2660 Ruhnkenii
303 2601 486 2678 temporibus
496 2601 627 2660 invaluit
639 2599 677 2658 de
686 2603 873 2678 praestantia
883 2601 1124 2660 codicisMosco·

113 2684 238 2743 niensis
274 2685 335 2743 Hic
351 2686 431 2744 enim
445 2683 524 2742 liber
539 2685 595 2744 etsi
613 2703 652 2742 ex
668 2683 751 2742 fonte
759 2704 840 2761 puro
857 2685 1002 2761 originem
1018 2685 1121 2756 traxit,

112 2769 241 2865 postea
232 2788 264 2826 ιιι
280 2768 356 2827 ιοιιι
369 2777 400 2826 et
413 2768 495 2826 sanis
512 2777 542 2826 et
559 2767 705 2843 corruptis
720 2767 763 2825 ita
778 2768 952 2845 inquinatus
968 2775 1014 2826 est
1028 2769 1120 2826 inter-

112 2843 318 2928 polationibus
330 2851 558 2923 molestissimis,
574 2859 607 2909 ut
620 2849 699 2908 solus
711 2870 766 2927 per
783 2871 815 2908 se
830 2851 945 2910 nullam
957 2849 1046 2910 fidem
1058 2871 1119 2910 me·

112 2941 227 2993 reatus.
279 2933 401 2994 Summa
427 2943 528 2993 autem
549 2955 605 2993 auc
606 2935 710 2992 toritas
730 2933 890 2992 tribuenda
918 2944 963 2994 est
951 2936 1119 2994 t·Lauren

112 3019 208 3091 tiano,
224 3037 276 3097 qur
268 3017 402 3076 menda
417 3018 543 3078 exhibet
556 3019 694 3097 plurima,
709 3016 992 3096 locupletiau(11ttita
1008 3016 1127 3095 dicam).

112 3102 252 3160 sincerae
270 3095 437 3179 scripturae
452 3103 634 3173 testimonia,
653 3120 766 3159 vacuus
784 3110 831 3160 est
851 3121 869 3158 a
885 3109 1000 3160 correct
988 3102 1120 3160 tionibus

111 3185 274 3262 importuni
294 3185 432 3244 doctoris.
477 3184 557 3243 Nam
570 3205 648 3265 quae
667 3183 705 3242 ad
720 3186 886 3261 marginem
900 3185 972 3244 lect
950 3193 1049 3244 tiones
1068 3206 1119 3265 ap·

111 3269 216 3347 pictae
232 3277 311 3342 sunt,
328 3289 394 3328 eam
409 3268 593 3346 singularem
612 3267 818 3327 condicionem
833 3267 956 3341 habent,
971 3277 1006 3326 ιιι
1019 3288 1120 3347 neque

112 3371 153 3410 ex
170 3352 296 3429 ingenio·
309 3356 506 3430 provenerint
520 3353 622 3412 nescio
640 3353 727 3428 cujus
746 3352 932 3427 grammatici
952 3372 1053 3431 neque
1072 3372 1118 3411 er·

111 3436 175 3493 rori
192 3435 258 3515 (qui
273 3437 364 3494 mirus
379 3446 490 3512 regnat
507 3437 538 3495 in
555 3436 603 3494 his
616 3433 718 3510 rebus)
738 3434 882 3511 originem
899 3434 1045 3510 debeant,
1065 3435 1119 3495 sed

111 3518 209 3598 pluris
231 3518 437 3579 aestimandae
460 3521 520 3578 sint
542 3539 633 3599 quam
660 3538 739 3598 quae
767 3519 798 3576 in
819 3520 961 3578 continua
977 3539 1119 3579 versuum
