2630 4010
184 241 225 301 74
260 257 320 306 XX.
343 253 407 306 ΕΙΣ
424 251 626 303 ΗΦΑΙΣΤΟΝ.
662 253 736 302 XXI.
761 253 824 302 ΕΙΣ
842 248 1050 303 ΑΠῦΑΛΩΝΑ
1069 255 1124 300 etc.

646 433 726 499 XX.

543 559 604 610 m
628 559 830 642 Ησιιεηοιι.

250 682 437 772 Ἥφαιστον
450 681 650 770 κλυτόμητιν
663 680 788 770 ἀείσεο,
803 687 929 753 Μοῦσα
942 690 1060 770 λίγεια,

182 783 218 866 δς
232 783 304 875 μετ’
322 783 499 872 Ἀθηναίης
514 784 744 871 γλαυκώπιδος
758 781 865 873 ἀγλαά
879 792 958 873 ἔργα

184 885 384 976 ἀνθρώπους
399 891 551 970 ἐδίδαξεν
565 890 620 956 ἐπὶ
633 886 773 976 χθονὸς,
796 896 831 956 οἳ
841 886 878 956 τὸ
892 885 996 975 πάρος
1010 914 1073 974 περ

184 989 317 1081 ἄντροις
331 987 550 1059 ναιετάασκον
565 993 602 1058 έν
616 989 769 1078 οὔρεσιν,
783 987 863 1078 ἠΰτε
876 994 988 1078 θῆρες.

182 1098 247 1162 νῦν
262 1093 298 1161 δὲ
314 1089 360 1161 δι’
372 1088 560 1178 Ἥφαιστον
573 1095 794 1180 κλυτοτέχνην
806 1099 887 1180 ἔργα
902 1094 1036 1172 δαέντες

184 1199 319 1284 ῥηιδίως
333 1198 440 1263 αίώνα
453 1193 656 1283 τελεσφόρον
671 1202 717 1274 εἰς
732 1192 891 1266 ἐνιαυτὸν,
1009 1269 1010 1278 ,

183 1295 316 1385 εὔκηλοι
333 1295 508 1384 διάγουσιν
522 1299 572 1366 ἐνὶ
585 1300 774 1384 σφετέροισι
789 1294 949 1384 δόμοισιν.

250 1396 338 1468 Ἀλλ’
352 1396 646 1487 ἵληθ’,Ἥφαιστε
667 1405 763 1469 δίδου
779 1394 812 1466 δ’
828 1394 950 1487 ἀρετήν
962 1425 998 1475 τε
1011 1400 1068 1466 καὶ
1081 1393 1195 1486 ὄλβον.

637 1712 734 1776 XXI.

532 1849 595 1900 ΕΙΣ
618 1849 836 1902 ΔΠΟΛΛΩΝΑ.

262 1980 375 2060 Φοῖβε,
391 1973 428 2041 σὲ
440 1973 502 2061 μὲν
515 1974 572 2041 καὶ
585 1971 706 2053 κύκνος
720 1970 785 2043 ὑπὸ
800 1973 974 2062 πτερύγων
989 1970 1058 2060 λίγ’
1074 1970 1193 2062 ἀείδει,

182 2073 270 2163 ὄχθη
284 2074 506 2163 ἐπιθρώσκων
520 2073 669 2164 ποταμὸν
683 2075 772 2165 πάρα
788 2075 954 2164 δινήεντα,

181 2177 343 2264 Πηνειόν·
366 2178 403 2246 σε
418 2172 450 2244 δ’
467 2174 579 2256 ἀοιδὸς
593 2185 678 2265 ἔχων
691 2177 860 2266 φόρμιγγα
874 2187 1003 2265 λίγειαν

182 2275 330 2367 ἡδυεπὴς
344 2277 476 2368 πρώτόν
490 2307 525 2348 τε
539 2281 595 2348 καὶ
607 2277 752 2349 ὕστατον
766 2279 839 2348 αίλν
852 2277 966 2350 ἀείδει.

259 2383 329 2448 Καὶ
342 2379 384 2449 σὺ
397 2381 459 2467 μὲν
472 2379 559 2449 οὕτω
574 2398 683 2470 χαῖρε,
704 2379 803 2468 άναξ,
824 2387 939 2470 ἵλαμαι
953 2385 993 2451 δέ
1004 2380 1037 2448 σ’
1052 2380 1160 2472 ἀοιδῇ.
1176 2402 1192 2453 5

631 2693 746 2758 XXII.

527 2831 590 2882 ιιιΣ
614 2829 841 2882 nomam.

256 2953 353 3043 Ἀμφλ
367 2954 605 3040 Ποσειδάωνα,
626 2953 711 3023 θεὸν
724 2958 846 3043 μέγαν,
867 2953 984 3046 ἄρχομ’
1000 2954 1138 3046 ἀείδειν,

179 3065 275 3144 γαίης
288 3060 450 3144 κινητῆρα
465 3059 520 3125 καὶ
534 3053 726 3145 ἀτρυγέτοιο
740 3056 922 3146 θαλάσσης,

180 3157 333 3246 πόντιον,
352 3156 389 3239 ὅς
401 3154 440 3227 θ’
451 3153 611 3228 Ἐλικώνα
624 3160 680 3228 καὶ
694 3155 824 3248 εὐρείας
840 3155 905 3246 ἔχει
920 3161 1034 3247 Αίγάς.

181 3253 363 3348 διχθάτοι,
382 3257 600 3349 Ἐννοσίγαιε,
622 3262 697 3330 θεοὶ
714 3258 812 3348 τιμὴν
825 3261 996 3348 ἐδάσαντο,

179 3368 291 3432 ἵππων
304 3390 340 3431 τε
355 3361 493 3453 δμητῆρ’
510 3371 641 3451 ἔμεναι,
665 3362 795 3450 σωτῆρά
808 3390 844 3432 τε
857 3369 957 3451 νηών.
1174 3385 1193 3436 5
1307 3361 1308 3443 J

255 3474 376 3554 Χαῖρε,
396 3470 585 3534 Ποσείδαον
600 3465 734 3553 γαιήοχε
748 3483 961 3553 κυανοχαῖτα,

179 3567 250 3652 καὶ,
272 3565 397 3655 μάκαρ,
421 3562 556 3653 εὐμενὲς
569 3557 648 3652 ἦτορ
663 3575 748 3653 ἔχων
761 3566 930 3636 πλώουσιν
945 3565 1056 3657 άρηγε.
