2630 4010
190 221 230 284 94
307 181 311 196 Ι
501 233 867 287 Βετοεεοιιυοιιεεω
988 279 994 286 .

193 391 367 480 Ψιχάρπαξ
381 391 443 479 μέν
457 388 520 477 έγῶ
535 388 765 477 κικλήσκομαι·
787 389 853 475 είμλ
870 388 907 456 δὲ
920 405 1039 478 κοῦρος

194 492 387 581 Τρωξάρταο
401 489 524 582 πατρὸς
538 490 772 579 μεγαλήτορος·
791 485 812 576 ἡ
827 492 866 558 δέ
876 517 919 557 νυ
932 491 1038 581 μήτηρ

188 595 377 682 Λειχομύλη
385 647 394 680 ,
414 590 567 682 θνγατὴρ
580 590 860 680 Πτερνοτρύκτου
873 597 1037 682 βασιλῆος.

190 703 321 783 γείνατο
337 694 370 764 δ’
388 699 426 764 έν
438 693 567 782 καλύβη
581 722 622 781 με
636 696 692 762 καὶ
706 695 904 779 ἐξεθρέψατο
917 702 1070 783 βρωτοῖς,
1157 713 1192 767 30

189 796 301 876 σύκοις
314 799 367 865 κάλ
383 796 519 883 καρύοις
533 797 588 864 καὶ
602 797 756 883 ἐδέσμασι
770 798 1040 865 παντοδαποῖσιν.
1293 779 1296 812 W

188 902 257 977 πῶς
274 899 309 967 δέ
323 907 423 986 φίλου
436 902 516 986 ποιῇ
529 923 587 985 με,
608 896 667 965 τὸν
681 900 714 976 ές
729 894 833 984 φύσιν
846 892 947 966 οὐδέν
960 894 1091 986 ὁμοῖον;

188 1002 240 1068 σοὶ
254 1000 315 1087 μέν
327 998 391 1088 γάρ
406 1007 477 1087 βίος
492 1000 580 1068 ἐστὶν
593 1001 631 1068 έν
643 996 781 1067 ύδασιν·
800 993 905 1086 αὐτὰρ
920 1005 1040 1087 ἔμοιγε,

188 1099 270 1169 ὅσσα
285 1099 365 1190 παρ’
380 1098 590 1187 ἀνθρώποις,
611 1098 752 1188 τρώγειν
765 1105 858 1178 ἔθος·
878 1095 960 1168 ούδέ
970 1129 1011 1189 με
1025 1101 1124 1190 λήθει

188 1200 284 1290 άρτος
299 1197 550 1280 δισκοπάνιστος
562 1197 622 1269 ἄπ’
639 1198 803 1270 εὐκύκλου
817 1203 958 1286 κανέοιο,
1157 1220 1191 1274 35

187 1301 228 1372 ού
243 1304 398 1384 πλακόεις
411 1303 618 1382 τανύπεπλος
632 1310 716 1390 έχων
730 1301 816 1371 πολύ
831 1302 1070 1391 σησαμότυρον,

187 1403 228 1474 ού
241 1404 338 1494 τόμος
351 1410 388 1475 έκ
401 1409 558 1494 πτέρνης,
578 1401 639 1492 ούχ
656 1402 764 1492 ἥπατα
778 1411 1010 1491 λευκοχίτωυα,

187 1504 227 1575 ού
241 1507 339 1594 τυρὸς
352 1507 531 1595 νεόπηκτος
545 1504 609 1575 άπὸ
624 1515 798 1594 γλυκεροῖο
811 1504 983 1593 γάλακτος,

186 1605 226 1676 ού
239 1607 381 1696 χρηστὸν
394 1616 575 1695 μελίτωμα,
595 1606 632 1675 τὸ
646 1611 701 1676 καὶ
713 1607 857 1696 μάκαρες
872 1611 1064 1695 ποθέουσιν,

185 1706 260 1778 οὐδ’
274 1707 337 1778 ὅσα
351 1706 432 1798 πρός
445 1717 563 1787 θοίνας
576 1707 732 1797 μερόπων
745 1709 899 1798 τεύχουσι
914 1711 1076 1800 μάγειροι,
1154 1729 1190 1783 40

186 1816 385 1899 κοσμοῦντες
398 1810 518 1900 χύτρας
531 1806 693 1900 άρτύμασι
706 1816 978 1882 παντοδαποῖσιν.

188 1910 354 1990 [οὐδέποτ’
371 1915 407 1982 έκ
421 1915 574 2001 πολέμοιο
587 1913 693 2003 κακὴν
711 1909 903 2004 ἀπέφευγον
918 1911 1034 2001 άυτὴν,

185 2011 261 2083 ἄλλ’
277 2013 356 2094 ίθύς
369 2013 450 2102 μετά
463 2019 574 2102 μύλου
588 2013 649 2084 ίάν
662 2011 880 2104 προμάχοισιν
894 2016 1044 2104 έμίχθην.

184 2113 224 2184 ού
239 2113 326 2186 δέδι’
341 2113 523 2205 ἄνθρωπον
536 2125 654 2208 καίπερ
669 2119 753 2205 μέγα
767 2121 859 2206 σῶμα
873 2122 1069 2205 φοροῦντα,

184 2215 258 2285 ἀλλ’
273 2219 327 2287 ἐπὶ
339 2221 477 2306 λέκτρον
489 2214 550 2288 ίάν
566 2219 762 2290 καταδάκνω
777 2219 943 2289 δάκτυλον
956 2216 1070 2308 άκρον,
1154 2237 1187 2291 4⁵

183 2321 238 2386 καλ
252 2322 394 2407 πτέρνης
407 2319 572 2408 λαβόμην,
596 2326 652 2391 καὶ
665 2319 705 2389 ού
719 2319 821 2400 πόνος
836 2319 944 2409 άνδρα
958 2327 1086 2408 ἵκανεν,

183 2418 329 2507 νήδυμος
342 2418 403 2489 ούκ
418 2418 608 2509 ἀπέφευγεν
621 2422 726 2502 ὕπνος
743 2423 922 2502 δάκνοντος
937 2426 1034 2510 έμεῖο.
1113 2455 1120 2476 ·

183 2517 265 2588 άλλά
280 2521 349 2588 δύω
363 2520 498 2589 πάντων
510 2522 597 2609 μάλα
612 2529 720 2593 δείδια
740 2529 850 2594 πᾶσαν
864 2521 917 2594 ἐπ’
933 2523 1021 2610 αἶαν,

182 2629 298 2709 κίρκον
311 2624 366 2691 καλ
379 2625 503 2710 γαλέην
510 2675 519 2708 ,
539 2627 639 2712 οἴμοι
652 2626 736 2712 μέγα
751 2629 876 2704 πένθος
889 2624 1039 2714 άγονσιν,

181 2724 237 2791 καλ
250 2729 374 2811 παγίδα
388 2724 603 2811 στονόεσσαν,
623 2723 709 2795 ὅπου
725 2726 850 2806 δολόεις
865 2730 943 2796 πέλε
957 2725 1094 2817 πότμος·
1153 2743 1187 2797 5⁰

181 2832 337 2894 πλεῖστον
352 2825 393 2913 δὴ
405 2829 529 2914 γαλέην
544 2833 748 2915 περιδείδια,
770 2826 841 2916 ἥτις
856 2825 983 2916 άρίστη,

180 2921 201 3012 ἡ
215 2928 271 2994 καὶ
284 2927 538 3014 τρωγλοδύοντα
550 2928 633 2998 κατά
647 2928 798 3017 τράγλην
812 2932 972 3018 ἐρεείνει]

181 3024 222 3093 ού
235 3027 350 3116 τρύγω
365 3028 534 3117 ραφάνας,
556 3028 596 3099 ού
610 3030 775 3120 κράμβας,
797 3029 837 3100 ού
852 3029 1064 3115 κολοκύντας,

181 3125 221 3196 ού
235 3130 393 3217 πράσσοις
406 3139 544 3219 χλωροῖς
559 3132 788 3221 έπιβόσκομαι,
811 3131 891 3202 οὐδὲ
904 3139 1062 3210 σελίνοις·

180 3235 283 3301 ταῦτα
296 3231 360 3323 γάρ
373 3228 507 3321 ὑμέτερ’
522 3236 612 3302 ἐστὶν
625 3233 787 3323 ἐδέσματα
800 3238 867 3303 των
881 3233 963 3302 κατά
978 3241 1108 3321 λίμνην.
1153 3249 1187 3304 55

256 3332 347 3422 Πρὸς
360 3334 439 3403 τάδε
456 3335 628 3422 μειδιάσας
644 3344 858 3423 Φυσίγναθος
872 3331 988 3404 άντίον
1003 3332 1106 3422 ηύδα·

178 3435 292 3519 Ξεῖνε,
315 3443 390 3522 λίην
404 3431 518 3523 αύχεῖς
531 3438 585 3504 ἐπὶ
599 3435 746 3525 γαστέρι·
767 3443 835 3505 ἔστι
849 3438 904 3505 καὶ
918 3432 998 3524 ἡμῖν

181 3532 286 3602 πολλά
299 3532 378 3622 μάλ’
393 3538 430 3603 έν
440 3544 539 3622 λίμνη
553 3538 609 3604 καὶ
624 3540 678 3606 ἐπὶ
691 3538 792 3623 χθονὶ
805 3534 954 3625 θαύματ’
969 3534 1112 3607 ίδέσθαι.
