2624 4000
202 240 239 300 16
441 257 477 308 11.
502 256 563 307 m
579 254 785 307 Αιιολλωαε
803 253 957 306 uranon.
1073 318 1075 323 ¹

199 415 262 498 νῆα
275 409 378 498 θοήν·
399 414 436 479 έν
451 407 484 478 δ’
499 407 618 497 άνδρες
633 416 712 478 ἔσαν
732 411 846 489 πολέες
859 436 895 478 τε
908 411 964 477 καὶ
978 412 1101 478 ἐσθλοί.
1122 415 1199 494 [395]

199 516 326 601 Κρῆτες
339 508 403 580 άπὸ
416 516 560 580 Κνωσοῦ
573 519 746 597 Μινωίου,
767 517 801 580 ολ
813 514 855 600 ῥα
868 507 900 578 τ’
915 507 1031 578 άνακτι

401 615 418 656 ιι
621 617 637 652 ε
733 613 735 618 ·
838 610 854 644 ι

199 719 234 782 οί
243 713 305 800 μὲν
317 715 372 781 ἐπὶ
386 718 504 803 πρῆξιν
519 715 575 781 καὶ
587 713 735 800 χρήματα
750 715 806 800 νηὶ
817 719 957 800 μελαίνη

200 820 232 892 ές
244 814 362 883 Πάλον
376 811 565 902 ἠμαθόεντα
579 818 791 901 Πυληγενέας
804 810 835 881 τ’
850 809 1049 900 ἀνθρώπους
1146 831 1200 882 λλο

199 924 332 985 ἔπλεον·
355 912 459 1002 αῦτάρ
473 911 491 983 ὁ
505 930 589 983 τοῖσι
603 913 782 1001 συνήντετο
797 922 918 1001 Φοῖβος
929 912 1112 984 Ἀπόλλων·

200 1021 236 1086 έν
251 1015 362 1108 πόντφ
378 1014 410 1085 δ’
426 1015 585 1103 ἐπόρουσε
601 1018 700 1103 δέμας
711 1022 844 1102 δελφῖνι
856 1013 970 1094 ἐοικώς
1123 1020 1199 1099 [400]

198 1120 254 1204 νηὶ
267 1122 334 1207 θοῇ
342 1171 352 1203 ,
371 1119 427 1186 καὶ
440 1133 529 1186 κεῖτο
543 1120 651 1203 πέλωρ
666 1119 749 1203 μέγα
762 1145 797 1184 τε
811 1116 924 1185 δεινόν
938 1135 987 1185 τε·

127 1221 130 1228 ’
199 1223 266 1287 τών
281 1215 315 1286 δ’
329 1215 419 1298 οῦτις
432 1217 515 1288 κατά
527 1215 639 1305 θυμὸν
653 1215 855 1304 ἐπεφράσατ’
873 1214 948 1286 οὐδ’
964 1213 1094 1304 ἐνόησε·

400 1325 416 1362 ε
622 1317 637 1351 *
841 1313 859 1369 ι’

198 1416 341 1489 πάντοθ’
356 1417 592 1505 άνασσείασκε,
614 1427 747 1488 τίνασσε
762 1419 798 1487 δέ
813 1417 889 1505 νήια
905 1423 1017 1506 δοῦρα.
1147 1437 1198 1490 225

198 1526 233 1589 οί
245 1516 277 1588 δ’
293 1517 401 1588 άκέων
414 1523 464 1589 ένί
477 1522 533 1607 νηὶ
546 1528 704 1589 καθείατο
719 1525 958 1606 δειμαίνοντες·

198 1617 274 1689 οὐδ’
290 1617 371 1706 οἵγ’
386 1617 462 1689 ὅπλ’
478 1628 576 1689 ἔλυον
590 1629 705 1708 κοίλην
718 1617 782 1688 άνά
794 1626 858 1707 νῆα
870 1624 1040 1708 μέλαιναν,
1123 1627 1198 1705 [405]

198 1719 273 1790 οὐδ’
289 1725 386 1790 ἕλκον
399 1730 517 1808 λαῖφος
529 1720 607 1809 νηός
620 1721 882 1810 κυανοπρώροιο,

197 1817 272 1890 ἀλλ’
289 1818 332 1902 ῦς
345 1819 385 1889 τά
399 1822 563 1911 πρώτιστα
577 1823 815 1912 κατεστήσαντο
829 1827 974 1910 βοεῦσιν,

198 1920 241 2002 ώς
255 1929 388 1991 ἔπλεον·
408 1923 568 2011 κραιπνὸς
583 1925 618 1993 δὲ
631 1924 739 2004 Νότος
753 1924 957 1994 κατόπισθεν
972 1930 1082 2010 ἔπειγε
1146 1940 1198 1995 230
1304 1939 1305 1987 λ

197 2029 260 2111 νῆα
274 2023 375 2110 θοήν·
397 2030 529 2114 πρώτον
544 2026 579 2095 δέ
593 2034 836 2113 παρημείβοντο
853 2023 1017 2111 Μάλειαν,

197 2124 264 2213 πάρ
275 2124 704 2213 δδΛακωνίδαγαῖανἝλός
718 2124 762 2212 τ’,
772 2134 1114 2214 έφαλονπτολίεθρον,
1124 2131 1197 2208 [410]
1303 2083 1304 2113 1

198 2223 268 2308 ἷξον
281 2229 337 2295 καὶ
350 2232 458 2315 χώρου
471 2229 714 2316 τερψιμβρότου
723 2225 873 2314 Ἠελίοιο,

201 2335 384 2414 Ταίναρον,
405 2335 489 2397 έυθα
503 2356 539 2396 τε
553 2334 641 2415 μῆλα
655 2328 842 2417 βαθύτριχα
856 2327 1010 2415 βόσκεται
1023 2329 1088 2396 αίεί

195 2425 333 2496 Ἠελίοιο
349 2425 507 2514 άνακτος,
529 2435 594 2514 ἔχει
609 2427 642 2496 δ’
659 2432 833 2518 ἐπιτερπέα
847 2433 964 2516 χώρου.
1145 2445 1195 2498 235

197 2534 231 2597 οί
239 2529 300 2616 μὲν
313 2525 368 2617 ἄρ’
383 2527 459 2598 ἔνθ’
476 2535 595 2598 ἔθελον
610 2535 673 2618 νῆα
687 2545 780 2618 σχελν
800 2528 855 2618 ἠδ’
870 2527 1053 2615 ἀποβάντες

197 2629 411 2718 φράσσασθαι
423 2633 507 2718 με’γα
520 2635 635 2718 θαῦμα
648 2634 704 2699 καὶ
717 2628 941 2719 ὀφθαλμοῖσιν
955 2634 1099 2717 ἰδέσθαι,
1125 2635 1196 2713 [415]

198 2738 228 2800 εί
240 2733 349 2818 μενέει
364 2729 442 2818 νηός
455 2736 627 2820 γλαφυρῆς
646 2735 818 2801 δαπέδοισι
832 2735 993 2818 πέλωρον,

195 2828 218 2918 ἢ
232 2838 277 2908 είς
291 2829 383 2918 οἶδμ’
400 2830 495 2901 άλιον
508 2840 715 2920 πολυΐχθυον
729 2824 829 2912 αῦθις
842 2830 982 2920 όροῦσει.

197 2928 271 3000 ἀλλ’
286 2928 326 2998 οῦ
341 2937 550 3019 πηδαλίοισιν
564 2936 716 3002 έπείθετο
729 2938 811 3020 νηῦς
827 2931 973 3021 εῦεργὴς,
1146 2951 1197 3004 λλο

196 3029 278 3100 άλλδι
292 3034 396 3120 παρὲκ
409 3032 668 3120 Πελοπόννησον
680 3044 813 3123 πίειραν
827 3037 946 3105 ἑκοῦσα

196 3130 245 3219 ἤι’
260 3128 357 3201 ὁδόν·
378 3139 479 3222 πνοιῇ
493 3135 534 3202 δὲ
548 3133 629 3218 άναξ
645 3135 798 3224 ἑκάεργος
810 3135 977 3205 Ἀπόλλων
1123 3141 1196 3219 [420]

197 3239 333 3321 ῥηιδίως
347 3233 459 3304 ἴθυν’·
480 3231 500 3322 ἡ
516 3235 552 3304 δέ
566 3237 756 3325 πρήσσουσα
770 3240 933 3307 κέλευθον

194 3332 334 3423 Ἀρήνην
347 3339 442 3405 λ’κοινε
455 3337 511 3405 καί
522 3333 707 3426 Ἀργυφέην
720 3336 902 3425 ἐρατεινὴν,

195 3437 250 3522 καί
264 3436 392 3521 Θρύον,
412 3434 575 3523 Ἀλφειοῖο
590 3431 717 3526 πόρον,
735 3441 791 3507 καὶ
804 3438 954 3507 ε’ῦκτιτον
969 3436 1061 3505 Αἶπυ
1146 3452 1196 3506 245

195 3538 250 3604 καὶ
263 3535 380 3605 Πάλον
393 3534 583 3625 ἠμαθόεντα
595 3543 810 3627 Πυληγενέας
822 3537 854 3606 τ’
870 3535 1080 3625 ἀνθρώπους.
