2624 4000
182 257 208 318 ,6
443 273 464 323 Ι.
489 271 550 320 ΕΙΣ
568 267 773 321 ΑΠΟΛΛΩΝΑ
792 269 941 319 ΔΗΑΙΟΝ.

189 424 300 514 βωμός
314 426 371 495 καὶ
388 427 538 511 τέμενος,
558 433 641 493 τίσει
655 427 694 492 δέ
704 426 745 492 σέ
754 421 790 510 γ’
807 426 899 510 ἔξοχα
914 421 1057 492 πάντων.

251 525 382 615 ΙΑύτδιρ
396 529 471 595 ἐπεί
483 524 514 616 ῥ’
528 523 649 613 όμοσέν
662 552 698 594 τε
711 525 906 613 τελεύτησέν
919 553 954 593 τε
969 523 1027 594 τὸν
1042 522 1154 613 ὅρκου,

189 635 299 717 Δῆλος
312 629 373 718 μὲν
386 626 472 715 μάλα
485 637 579 716 χαῖρε
593 631 686 717 γωνῇ
699 627 826 696 ἑκάτοιο
842 625 998 717 ἄνακτος
1023 657 1034 718 η
1107 663 1113 710 η
1158 639 1195 696 90

188 730 286 818 Λητὼ
302 729 335 798 δ’
351 729 497 818 ἐννῆμάρ
512 757 547 798 τε
560 733 615 819 καὶ
629 732 725 798 ἐννέα
739 701 1182 810 νύκτας,άέλτιτοιςέδδθιδέγΔ

190 831 344 902 ὠδίνεσσι
358 835 512 919 πέπαρτο.
539 833 617 899 θεαλ
633 828 665 899 δ’
682 838 761 900 έσαυ
775 836 893 899 ένδοθι
907 835 1020 916 παῖσαι,
1087 809 1100 860 δ

189 933 284 1003 όσσαι
302 933 432 1022 άρισται
446 941 533 1017 έασι,
556 929 672 1020 Διώνη
686 960 721 1000 τε
736 929 819 1019 Ῥείη
833 959 869 1000 τε

157 1085 160 1092 »
187 1035 306 1123 Ἰχναίη
320 1063 356 1103 τε
370 1037 470 1122 Θέμις
483 1036 538 1103 καὶ
551 1025 731 1120 ἀγάστονος
742 1031 945 1120 Ἀμφιτρίτη,

190 1137 286 1208 άλλαι
299 1133 331 1204 τ’
346 1134 528 1221 άθάναται,
549 1135 672 1222 νόσφιν
685 1137 893 1204 λευκωλένου
900 1131 1019 1222 Ἥρης·
1161 1149 1195 1203 95

189 1240 296 1328 μούνη
312 1235 345 1305 δ’
360 1233 421 1306 ούκ
435 1240 597 1306 ἐπέπυστο
612 1235 809 1326 μογοστόκος
823 1244 1017 1305 Εἰλείθυια·
1161 1249 1196 1304 97

189 1331 268 1428 ἧστο
281 1338 345 1428 γάρ
359 1337 449 1430 άκρφ
460 1337 614 1432 Ὀλύμπφ
628 1336 693 1408 ὑπὸ
706 1341 873 1426 χρυσέοισι
887 1340 1056 1424 νέφεσσιν,

181 1440 286 1532 Ἥρης
300 1441 518 1530 φραδμοσύνῃ
533 1445 757 1526 λευκωλένου,
778 1438 800 1528 ἦ
813 1467 872 1529 μιν
885 1446 983 1528 ἔρυκε

190 1543 367 1632 ζηλοσύνη,
387 1541 439 1611 ὅτ’
455 1540 510 1631 ἄρ’
524 1543 599 1612 υίόν
613 1541 765 1631 ιἰμύμονά
778 1570 814 1611 τε
827 1541 990 1630 κρατερόν
1003 1569 1038 1611 τε
1143 1558 1195 1610 100

189 1643 286 1733 Λητώ
299 1647 451 1726 τέξεσθαι
465 1643 726 1733 καλλιπλόκαμος
739 1639 809 1713 τότ’
825 1650 969 1732 ἔμελλεν.

265 1743 357 1816 Αλ“δ’
366 1736 448 1834 Ἶριν
461 1745 682 1835 προύπεμψαν
696 1747 889 1834 ἐϋκτιμένης
902 1743 966 1816 άπὸ
981 1745 1118 1842 νήσου,ἱ
1133 1763 1229 1844 *42³2*

189 1845 307 1937 ἀξέμεν
320 1855 535 1934 Εἰλείθυιαν,
555 1845 779 1935 ὑποσχόμεναι
792 1849 898 1936 μέγαν
912 1845 1026 1937 όρμον,
1037 1859 1079 1920 οδ

61 1975 74 1986 ”
188 1949 344 2038 χρύσεον,
366 1947 571 2039 η’λέκτροισιν
586 1953 757 2039 έερμένον,
779 1950 1003 2038 ἐννεάπηχυν·

189 2051 310 2139 νόσφιν
326 2049 357 2119 δ’
372 2048 504 2138 ἤνοιγον
517 2055 649 2121 καλέειν
662 2049 988 2140 λευκωλένουἭρης,
1144 2069 1194 2122 105

189 2153 232 2242 μή
246 2182 304 2241 μιν
318 2149 420 2221 ἔπειτ’
437 2156 589 2222 έπέεσσιν
603 2151 842 2241 ἀποστρέψειεν
856 2159 982 2222 λοῦσαν.

189 2253 293 2343 αότόιρ
308 2255 379 2324 έπεὶ
392 2252 462 2340 τόγ’
479 2253 600 2324 άκουσε
614 2254 799 2352 ποδήνεμος
814 2251 900 2324 οόκέα
909 2246 999 2342 Ἰρις,
1122 2335 1125 2348 Γ

189 2361 232 2444 βη
246 2359 288 2443 ῥα
302 2358 414 2441 θέειν,
435 2359 557 2443 ταχέως
572 2358 609 2425 δὲ
622 2343 761 2445 δίῆδδσε
774 2361 842 2425 πάν
855 2355 891 2426 τό
906 2341 1123 2446 μεσηγύεψ

188 2455 293 2545 αύτδιρ
308 2461 382 2525 έπεί
394 2454 426 2545 ῥ’
441 2463 536 2526 ἵκανε
549 2463 642 2527 θεῶν
655 2463 746 2544 ἕδος,
766 2457 869 2526 αἰπύν
875 2457 1055 2548 Ὄλυμπον,

188 2556 298 2628 αὐτίκ’
314 2555 368 2646 ἄρ’
383 2565 582 2629 Εἰλείθυιαν
597 2556 680 2628 άπὲκ
693 2558 849 2648 μεγάροιο
863 2559 988 2650 θύραζε
1142 2579 1192 2631 110

188 2663 517 2750 ἐκπροκαλεσσαμένη
539 2670 618 2732 έπεα
632 2661 811 2750 πτερόεντα
825 2663 1008 2751 προσηύδα,

184 2762 295 2831 πάντα
309 2759 400 2850 μάλ’,
423 2758 466 2841 ὡς
480 2767 655 2833 έπέτελλον
666 2760 826 2852 Ὀλύμπια
841 2761 968 2852 δείματ’
984 2773 1125 2850 ἔχουσαι.

182 2868 228 2950 τῇ
244 2861 277 2931 δ’
293 2861 357 2951 άρα
370 2862 483 2950 θυμόν
498 2873 635 2934 ἔπειθεν
649 2867 699 2934 ἐνὶ
712 2864 870 2978 στήηερσι
885 2875 1027 2952 φίλοισι·

187 2963 253 3052 βάν
267 2965 303 3033 δὲ
316 2966 394 3032 ποσὶ
408 2965 551 3054 τρήρωσι
565 2967 734 3036 πελειάσιν
748 2964 871 3054 ἴθμαθ’
887 2963 1005 3055 όμοῖαι.

188 3057 259 3135 εὖτ’
275 3069 328 3134 έπλ
341 3064 455 3153 Δήλου
470 3075 581 3154 ἔβαινε
594 3068 794 3157 μογοστόκος
808 3076 996 3155 Εἰλείθυια,
1141 3085 1188 3138 115

188 3165 229 3255 δη
242 3167 315 3236 τότε
328 3165 389 3254 τὴν
402 3166 496 3248 τόκος
511 3165 596 3256 εἷλε,
618 3177 815 3259 μενοίνησεν
830 3171 867 3238 δὲ
881 3173 1046 3240 τεκέσθαι.

186 3265 271 3357 άμφλ
286 3270 323 3337 δὲ
337 3275 464 3356 φοίνικι
477 3270 558 3357 βάλε
573 3261 688 3359 πήχεε,
705 3275 811 3360 γοόνα
826 3269 861 3338 δ’
878 3279 982 3359 ἔρεισε

185 3375 322 3454 λειμῶνι
335 3375 486 3462 μαλακῷ·
508 3379 644 3461 μείδησε
662 3375 698 3443 δέ
712 3369 781 3460 γαῖ’
796 3368 1001 3461 ὑπένερθεν·

184 3559 254 3650 ἧστο
269 3569 325 3658 γίιρ
341 3576 373 3638 έν
386 3574 537 3660 μεγάροισι
556 3586 629 3656 Διος
643 3579 876 3662 νεφεληγερέταο.
