2624 4000
328 297 364 347 11.
388 298 449 347 ΕΙΣ
464 296 670 349 ΑΠΟΛΛΩΝΑ
683 296 837 349 ΠΤΘΙΟΝ.
1041 300 1080 357 19

81 457 150 538 νήα
164 449 197 518 δ’
213 459 325 520 ἔπειτα
337 455 497 539 μέλαιναν
511 450 566 520 ἐπ’
580 450 719 541 ἠπείρου
732 451 907 541 ἐρύσασθε,
1032 462 1083 514 310

81 557 120 621 ἐκ
137 553 175 620 δὲ
188 550 335 640 κτήμαθ’
349 557 466 622 ἕλεσθε
480 556 535 621 καλ
549 547 643 622 ἐντεα
656 553 733 639 νηός
747 558 845 640 ἐΐσης,
887 611 891 619 .

80 655 140 721 καλ
155 653 268 740 βωμόν
282 651 433 740 ποιήσατ’
449 656 502 722 ἐπὶΙ
516 658 650 741 ῥηγμῖνι
663 655 845 741 θαλάσσης·
1005 657 1080 736 [490]

80 759 153 837 πῦρ
168 750 200 821 δ’
215 758 433 834 ἐπικαίοντες,
456 757 513 823 ἐπί
523 751 554 821 τ’
569 752 691 842 άλφιτα
704 754 805 824 λεοκά
817 754 968 842 θύοντες,

81 852 243 941 εὔχεσθαι
259 854 300 942 δή
314 862 425 924 ἔπειτα
439 855 673 943 παριστάμενοι
687 859 762 940 περ]
775 855 904 944 βωμόν·

80 951 127 1034 ὡς
142 955 203 1042 μὲν
217 955 280 1042 ἐγώ
294 955 330 1024 τό
344 961 474 1043 πρῶτον
488 960 525 1025 ἐν
537 953 698 1044 ήεροειδελ·
708 957 818 1049 πόντῳ
1028 972 1079 1026 315

81 1055 253 1144 εἰδόμενος
268 1062 400 1144 δελφῖνι
413 1062 495 1144 θοής
509 1059 563 1125 ἐπλ
576 1056 654 1145 νηός
667 1055 800 1145 όρονσα,

81 1155 127 1236 ῥίς
143 1160 214 1244 ἐμοὶ
226 1155 382 1245 εὔχεσθαι
396 1165 583 1248 Δελφινίῳ·
605 1155 709 1247 αὐτάρ
723 1157 740 1226 ὁ
754 1159 864 1247 βωμός
1005 1158 1079 1238 [495]

80 1255 96 1292 *
112 1254 213 1337 αὐτὸς
227 1261 360 1346 δίλφιος
373 1261 428 1329 καλ
442 1257 577 1340 ἐπόψιος
591 1266 719 1329 ἔσσεται
733 1269 806 1329 αἰεί.

81 1365 259 1446 δειπνήσαι
271 1357 304 1427 τ’
322 1357 377 1446 ἄρ’
393 1366 504 1429 ἔπειτα
517 1364 585 1447 θοή
598 1359 687 1447 παρά
704 1368 762 1449 νηλ·
772 1367 921 1447 μελαίνη,

81 1461 139 1529 καλ
154 1476 284 1529 σπεῖσαι
297 1461 476 1549 μακάρεσσι
488 1472 596 1546 θεοῖς,
617 1469 651 1529 οἳ
660 1459 832 1548 ’Όλνμπον
845 1467 986 1546 ἔχουσιν.
1027 1476 1079 1530 300

82 1557 187 1649 αὐτὰρ
202 1561 284 1650 ἐπήν
298 1570 399 1632 σίτοιο
413 1569 610 1650 μελίφρονος
625 1565 656 1644 ἐξ
670 1561 747 1650 ἐρον
760 1552 856 1648 ήσθε,

82 1659 243 1748 ’ἔρχεσθαί
252 1660 292 1732 θ’
307 1661 364 1751 ἅμ’
380 1665 451 1751 ἐμοὶ
463 1665 518 1731 καλ
531 1660 699 1751 ἰηπαιήον’
714 1661 849 1746 άείδειν,
1003 1667 1077 1748 [500]

82 1763 191 1832 εἰσόκε
207 1769 315 1851 χῶρον
330 1769 489 1850 ἵκησθον,
510 1760 558 1832 ἵν’
573 1768 659 1845 ἕξετε
673 1771 771 1832 πίονα
784 1763 874 1850 νηόν.
933 1779 937 1786 ’

138 1861 200 1944 Ὣς
209 1861 326 1951 ἔφαθ’·
341 1869 375 1932 οἰ
382 1862 416 1933 δ’
426 1855 558 1952 άρατοό
566 1863 652 1950 μάλα
661 1865 723 1951 μὲν
732 1864 834 1932 κλόον
844 1861 900 1950 ἠδ’
912 1868 1077 1932 ἐπίθοντο.

82 1971 167 2034 ίστία
183 1967 244 2053 μὲν
258 1970 389 2052 πρῶτον
401 1966 565 2050 κάθεσαν,
585 1970 690 2033 λῦσαν
705 1965 741 2034 δὲ
754 1972 875 2051 βοείας,
1028 1981 1078 2037 305

82 2065 173 2134 ἰστὸν
188 2063 221 2134 δ’
237 2065 388 2154 ίστοδόκη
401 2069 548 2135 πέλασαν
561 2066 769 2153 προτόνοισιν
783 2062 939 2152 ὑφέντες·

82 2171 118 2236 ἐκ
133 2168 169 2235 δὲ
182 2169 239 2236 καλ
252 2164 345 2237 αὐτοὶ
358 2176 477 2255 βαῖνον
490 2169 544 2235 ἐπὶ
559 2171 693 2254 ῥηγμῖνι
707 2167 885 2254 θαλάσσης.
1003 2171 1077 2249 [505]

82 2272 118 2336 ἐκ
134 2265 167 2334 δ’
182 2265 259 2347 άλός
273 2265 449 2356 ἤπειρόνδε
462 2267 549 2354 θοήν
563 2264 626 2336 άνά
639 2265 694 2354 νῆ’
712 2267 871 2354 ἐρύσαντο

82 2365 171 2450 ὑψοῦ
185 2371 238 2438 ἐπὶ
251 2369 435 2457 ψαμάθοις,
457 2366 521 2437 ὑπὸ
536 2365 567 2436 δ’
583 2373 704 2456 ἕρματα
722 2368 831 2457 μακρά
843 2366 1026 2436 τάνυσσαν·

82 2471 137 2537 καλ
150 2469 264 2558 βωμόν
278 2479 418 2559 ποίησαν
432 2473 485 2538 ἐπλ
499 2474 633 2556 ῥηγμῖνι
646 2470 829 2557 θαλάσσης·
1026 2485 1078 2538 330

81 2575 149 2657 πόρ
164 2567 197 2636 δ’
214 2575 416 2650 ἐπικαίοντες
430 2574 487 2639 ἐπί
496 2567 527 2638 τ’
542 2567 663 2657 άλφιτα
677 2570 778 2640 λευκά
790 2569 930 2649 θύοντες

81 2668 231 2757 εὔχονθ’,
254 2668 296 2750 ὡς
310 2675 457 2756 ἐκέλευε,
478 2671 713 2758 παριστάμενοι
728 2675 803 2759 περ]
816 2671 937 2759 βωμόν.
1003 2676 1077 2752 [510]

81 2771 208 2861 δόρπον
221 2770 331 2842 ἔπειθ’
346 2779 472 2841 εἵλοντο
486 2775 553 2857 θοή
567 2771 654 2858 παρά
671 2780 728 2859 νηλ1
740 2780 888 2859 μελαίνη,

81 2875 137 2942 καλ
150 2889 290 2941 σπεῖσαν
302 2872 481 2961 μακάρεσσι
494 2883 604 2958 θεοῖς,
625 2881 658 2940 ολ
668 2871 838 2960 ’Όλνμπον
852 2880 991 2958 ἔχουσιν.

81 2971 185 3062 αὐτάρ
200 2975 271 3042 ἐπεὶ
286 2973 397 3052 πόσιος
410 2976 465 3042 καὶ
478 2971 613 3060 ἐδητόος
628 2977 660 3055 ἐξ
675 2981 751 3061 ἔρον
764 2979 848 3058 ἕντο,
1026 2987 1076 3040 535

80 3072 145 3160 βάν
160 3070 195 3160 ῥ’
210 3085 301 3160 ἰμεν·
321 3065 400 3163 ἦρχε
415 3071 449 3140 δ’
465 3071 529 3159 άρα
539 3093 620 3159 σφιν
634 3071 804 3157 άναξΔιός
817 3072 888 3152 νίδς
899 3070 1075 3156 Ἀπόλλων,

81 3172 240 3263 φόρμιγγ’
256 3178 293 3243 ἐν
306 3183 470 3262 χείρεσσιν
485 3181 584 3260 ἔχων,
605 3174 722 3261 ἐρατὸν
735 3184 926 3263 κιθαρίζων,
1002 3177 1076 3255 [515]

13 3283 17 3310 ’
81 3273 164 3343 καλά
177 3277 233 3342 καλ
246 3273 306 3357 ὕψι
320 3276 430 3363 βιβάς·
450 3279 484 3342 οἰ
495 3275 531 3342 δέ
547 3275 721 3362 ῥήσσοντες
734 3281 851 3346 ἕποντο

81 3381 208 3464 Κρῆτες
221 3375 301 3461 πρὸς
314 3374 423 3445 Πυθώ
437 3376 493 3442 καλ
502 3371 679 3462 Ἰηπαιήον’
698 3375 822 3461 άειδον,

80 3471 147 3544 οἷοί
157 3504 192 3544 τε
206 3482 349 3564 Κρητῶν
363 3477 534 3563 παιήονες,
556 3472 625 3544 οἷσί
635 3506 670 3546 τε
683 3483 805 3546 Μοῦσα
1023 3491 1076 3544 340

81 3579 117 3644 ἐν
129 3575 310 3663 στήθεσσιν
324 3585 424 3664 ἐθηκε
437 3575 502 3644 θεά
516 3585 695 3665 μελίγηρυν
708 3577 832 3664 άοιδήν.

831 3685 872 3745 2*
