2630 4010
407 258 455 309 VI.
481 257 544 307 ΕΙΣ
562 256 787 310 ΑΦΡΟΔΙΤΗΝ.

571 488 631 552 VI.

447 626 510 676 σεε
529 623 753 675 ΑοΡοΔΙΤΗυ.

173 773 318 855 Αίδοίην
333 769 605 857 χρυσοστέφανον
619 763 724 852 καλήν
739 763 937 855 Ἀφροδίτην

92 868 235 961 ᾄσομαι,
257 866 278 958 ἢ
291 869 397 957 πάσης
412 869 554 959 Κύπρον
568 867 736 956 κρήδεμνα
751 873 906 956 λέλογχεν

94 979 259 1059 εἰναλίης,
280 969 339 1040 ὅθι
352 998 411 1060 μιν
425 971 582 1060 Ζεφύρου
595 973 692 1058 μένος
707 965 812 1058 ὑγρόν
825 968 939 1052 ἀέντος

91 1071 229 1160 ἤνεικεν
241 1072 324 1142 κατά
337 1077 426 1160 κόμα
440 1080 699 1161 πολυφλοίσβοιο
717 1072 887 1161 θαλάσσης

93 1173 195 1267 ἀφρῷ
208 1183 258 1245 ἔνι
271 1179 425 1265 μαλακῷ·
445 1175 506 1264 τήν
522 1175 558 1244 δὲ
572 1165 912 1264 χρνσάμπυκεςᾮραι
1087 1195 1103 1248 5

94 1274 227 1359 δέξαντ’
242 1273 430 1364 ἀσπασίως,
451 1279 527 1366 περὶ
543 1273 575 1344 δ’
590 1274 739 1364 ἄμβροτα
753 1281 870 1364 είματα
884 1282 1000 1347 ἕσσαν·

92 1382 192 1466 κρατὶ
206 1375 240 1447 δ’
255 1376 309 1448 ἐπ’
324 1375 667 1470 ἀθανάτφστεφάνην
682 1375 841 1446 εὔτυκτον
855 1386 982 1468 ἔθηκαν

93 1480 218 1569 καλήν,
239 1489 414 1570 χρυσείην·
433 1486 470 1551 ἐν
486 1481 522 1550 δὲ
537 1496 683 1568 τρητοῖσι
697 1487 859 1565 λοβοῖσιν.

93 1580 220 1671 ἄνθεμ’
236 1579 430 1672 όρειχάλκου
443 1581 579 1672 χρυσοῖό
593 1611 627 1649 τε
641 1580 828 1668 τιμήεντος·

94 1690 193 1774 δειρή
207 1681 241 1752 δ’
255 1682 340 1773 ἀμφ’
357 1681 469 1774 ἀπαλή
483 1687 539 1753 καὶ
551 1684 712 1771 στήθεσιν
726 1679 945 1771 ἀργυφέοισιν
1072 1705 1103 1756 10

93 1784 227 1875 ὅρμοισι
241 1789 429 1876 χρυσέοισιν
444 1786 618 1874 ἐκόσμεον,
639 1780 708 1853 οἷσί
719 1809 781 1875 περ
796 1783 894 1855 αάταὶ

88 1880 189 1978 Ὧραι
202 1899 408 1977 κοσμείσθην
421 1889 669 1978 χρυσάμπυκες,
690 1883 809 1955 ὁππότ’
825 1897 908 1956 ίοιεν

94 1995 128 2071 ἐς
142 1990 242 2080 χορόν
256 1990 428 2079 ίμερόεντα
442 1995 534 2060 θεῶν
548 1992 603 2058 καὶ
618 1987 751 2075 δώματα
768 1989 899 2077 πατρός.

94 2089 202 2183 αάτάρ
216 2091 332 2180 ἐπειδή
346 2092 453 2161 πάντα
467 2095 543 2182 περὶ
556 2097 632 2180 χροῒ
644 2089 767 2178 κόσμον
781 2099 919 2179 ἔθηκαν,

95 2187 178 2283 ήγον
193 2198 225 2274 ἐς
239 2191 444 2274 ἀθανάτους·
466 2200 500 2263 οί
512 2191 545 2264 δ’
560 2190 741 2282 ήσπάζοντο
755 2191 882 2272 ίδόντες
1070 2211 1103 2263 15

93 2305 191 2385 χερσί
201 2293 233 2364 τ’
248 2295 440 2379 ἐδεξιόωντο
454 2298 510 2365 καὶ
523 2292 687 2385 ήρήσαντο
702 2298 837 2374 ἕκαστος

95 2399 183 2468 εἶναι
196 2404 371 2485 κουριδίην
385 2397 506 2485 ἀλοχον
520 2400 575 2466 καὶ
588 2392 698 2466 οἴκαδ’
714 2393 866 2483 ἀγεσθαι,

95 2501 184 2579 εἶδος
197 2494 423 2588 θαυμάζοντες
437 2499 637 2587 ίοστεφάνου
650 2505 848 2587 Κυθερείης.

173 2600 274 2688 Χαῖρ’
290 2605 537 2691 ἑλικοβλέφαρε,
555 2608 802 2688 γλυκυμείλιχε·
826 2599 882 2680 δός
899 2597 932 2668 δ’
948 2605 985 2670 ἐν
998 2597 1101 2687 ἀγῶνι

93 2711 194 2791 νίκην
207 2709 294 2794 τςόδε
309 2706 489 2790 φέρεσθαι,
512 2702 595 2791 ἐμήν
610 2700 642 2770 δ’
658 2709 798 2771 ἔντυνον
812 2699 937 2790 ἀοιδήν.
1068 2719 1103 2771 2⁰

94 2801 202 2894 αὐτὰρ
217 2803 281 2893 ἐγὼ
295 2807 352 2873 καὶ
365 2821 435 2873 σεῖο
450 2808 505 2873 καὶ
519 2802 619 2892 ἀλλης
633 2800 775 2892 μνήσομ’
790 2799 911 2891 ἀοιδής.

497 3093 698 3106 —u-aflh—-n-

143 3680 265 3731 Romu
283 3681 391 3736 Erum.
