2630 4010
209 251 251 311 54
534 264 567 312 V.
592 261 655 313 ΕΙΣ
672 260 883 310 ΔΗΜΗΤΡΑΝ.

208 426 276 490 τοῖν
289 419 425 490 πάντων
438 417 551 506 ἄλογοι
564 416 647 487 κατὰ
660 415 795 503 δώματα
808 423 1064 503 πορσαίνουσιν·

208 523 299 592 τάων
311 519 373 591 οὐκ
386 519 429 590 άν
442 529 492 600 τίς
505 543 543 589 σε
557 518 638 588 κατά
652 514 838 606 πρώτιστον
851 515 991 606 ὀπωπήν

210 624 296 704 εἶδος
309 622 493 711 άτιμήσασα
507 621 620 710 δόμων
633 619 923 706 ἀπονοσφίσσειεν,

208 723 292 794 άλλά
305 747 343 794 σε
357 728 522 808 δέξονται·
544 723 586 811 δὴ
598 723 662 813 γάρ
677 721 867 800 θεοείκελός
882 725 961 802 ἐσσι.

210 835 241 896 εί
255 828 291 896 δὲ
303 830 433 913 θέλεις,
454 831 641 914 ἐπίμεινον,
661 831 719 894 ἵνα
733 822 816 910 πρὸς
830 822 967 911 δώματα
980 825 1107 916 πατρὸς
1173 843 1223 897 160

209 937 361 1016 ἔλθωμεν
374 930 430 998 καὶ
443 929 542 1016 μητρὶ
555 925 741 1018 βαθυζώνῳ
757 932 949 1016 Μετανείρῃ

209 1040 355 1117 είπωμεν
367 1030 446 1098 τάδε
459 1030 567 1098 πάντα
582 1027 777 1117 διαμπερὲς,
796 1039 835 1096 αἱ
846 1030 887 1098 κέ
897 1026 931 1096 σ’
946 1025 1060 1119 άνώγη

207 1129 403 1221 ἡμέτερόνδ’
420 1135 507 1201 ἰέναι
522 1129 603 1219 μηδ’
618 1129 732 1200 ἄλλων
746 1126 872 1218 δώματ’
889 1133 1040 1223 ἐρευνᾷν.

208 1233 386 1322 τηλύγετος
403 1236 443 1303 δέ
452 1239 488 1303 οί
498 1232 569 1312 υίὸς
583 1237 633 1302 ἐνὶ
647 1231 781 1324 μεγάρῳ
798 1229 951 1324 εὐπήκτῳ

207 1333 364 1424 ὀψίγονος
376 1339 551 1426 τρέφεται,
570 1334 790 1421 πολυεύχετος
803 1330 962 1414 άσπάσιός
977 1363 1020 1405 τε.
1170 1352 1219 1406 165

208 1446 239 1507 εἰ
250 1438 309 1507 τόν
322 1436 356 1526 γ’
371 1442 570 1528 ἐκθρέψαιο,
591 1439 647 1508 καλ
661 1435 744 1524 ἥβης
757 1437 878 1524 μέτρον
890 1441 1005 1524 ἵκοιτο,

208 1540 282 1626 ῥεῖά
294 1567 332 1608 κε
344 1548 393 1618 τίς
407 1561 445 1608 σε
458 1544 577 1608 ἰδοῦσα
591 1541 763 1628 γυναικών
775 1538 993 1628 θηλυτεράων

207 1638 364 1728 ζηλώσαι·
383 1640 463 1710 τόσα
477 1643 537 1711 κέν
551 1668 603 1711 τοι
615 1638 680 1710 άπὸ
693 1639 882 1728 θρεπτήρια
898 1647 979 1729 δοίη.

143 1770 149 1774 ·
276 1738 336 1822 Ὧς
350 1740 475 1831 ἔφαθ’·
496 1739 517 1829 ή
531 1741 566 1811 δ’
582 1745 741 1813 ἐπένευσε
754 1740 908 1831 καρήατι·
931 1746 983 1812 ταὶ
997 1743 1034 1812 δὲ
1047 1739 1172 1830 φαεινά

206 1844 413 1934 πλησάμεναι
426 1843 548 1924 ὕδατος
562 1850 667 1933 φέρον
679 1841 784 1931 άγγεα
798 1844 1006 1914 κυδιάουσαι.
1167 1859 1216 1914 170

208 1950 315 2035 ῥίμφα
329 1949 366 2017 δέ
379 1947 502 2038 πατρὸς
514 1953 627 2017 ἵκοντο
642 1949 747 2036 μέγαν
762 1941 883 2035 δόμον,
905 1938 975 2016 ὦκα
990 1946 1027 2014 δὲ
1040 1949 1141 2037 μητρὶ

206 2056 364 2136 ἔννεπον,
387 2046 431 2130 ώς
446 2048 538 2119 εἶδόν
550 2077 586 2119 τε
599 2053 656 2119 καὶ
670 2053 799 2117 ἔκλυον.
840 2042 860 2134 ἡ
876 2050 913 2119 δὲ
926 2045 1007 2137 μάλ’
1022 2039 1093 2116 ώκα

206 2150 370 2230 ἐλθούσας
384 2155 516 2221 ἐκέλευε
529 2161 646 2221 καλείν
659 2146 714 2220 ἐπ’
730 2145 883 2234 άπείρονι
896 2153 1018 2241 μισθῷ.

205 2258 244 2320 αἵ
255 2249 290 2321 δ’
306 2251 385 2323 ὥστ’
400 2249 423 2341 ή
439 2262 557 2341 ἔλαφοι
572 2251 593 2341 ἢ
606 2250 738 2341 πόρτιες
753 2263 864 2339 ε’ίαρος
879 2250 948 2342 ὥρη
1293 2313 1294 2341 ,

205 2351 338 2422 ἅλλοντ’
352 2351 395 2424 άν
408 2361 554 2444 λειμῶνα
568 2353 807 2444 κορεσσάμεναι
821 2357 929 2443 φρένα
943 2357 1066 2442 φορβῇ,
1165 2369 1212 2425 175

206 2451 250 2532 οδς
263 2462 301 2524 αἳ
313 2455 526 2544 ἐπισχόμεναι
541 2460 649 2526 ἑανῶν
664 2455 789 2542 πτύχας
804 2459 1004 2544 ἱμεροέντων

206 2554 301 2645 ἤϊξαν
314 2564 429 2644 κοίλην
442 2554 515 2626 κατ’
530 2554 703 2646 ἀμαξιτόν·
725 2554 811 2647 ἀμφὶ
828 2559 866 2627 δὲ
879 2575 988 2646 χαῖται

206 2655 306 2746 ώμοις
320 2655 474 2729 ἀίσσοντο
487 2670 634 2752 κροκηίῳ
649 2657 749 2729 άνθει
763 2655 883 2746 ὁμοῖαι.

204 2761 322 2848 τέτμον
335 2757 367 2828 δ’
382 2761 481 2849 έγγύς
495 2759 577 2831 ὁδοῦ
590 2761 720 2849 κυδρὴν
733 2759 836 2849 θεὸν,
856 2769 941 2830 ἔνθα
955 2760 1058 2849 πάρος
1071 2787 1135 2847 περ

203 2861 380 2931 κάλλιπον·
401 2861 506 2953 αὐτὰρ
520 2872 633 2933 ἔπειτα
646 2871 729 2949 φίλα
743 2862 825 2949 πρὸς
839 2863 973 2952 δώματα
986 2860 1109 2949 πατρὸς
1162 2879 1209 2932 180
1290 2867 1291 2872 ’

202 2960 361 3050 ἡγεῦνθ’·
400 2961 420 3053 ή
435 2963 468 3033 δ’
484 2963 538 3052 ἄρ’
554 2964 676 3036 ὄπισθε
690 2973 791 3050 φίλον
803 2969 976 3053 τετιημένη
990 2956 1069 3052 ἦτορ

203 3081 311 3153 στεῖχε
325 3065 408 3135 κατά
423 3072 551 3156 κρῆθεν
563 3069 810 3154 κεκαλυμμένη·
833 3063 918 3155 άμφὶ
934 3068 970 3137 δὲ
984 3069 1107 3144 πέπλος

203 3166 343 3247 κυάνεος
358 3172 524 3256 ῥαδινοῖσι
538 3173 620 3257 θεῆς
635 3171 792 3251 ἐλελίζετο
807 3176 935 3238 ποσσίν.

203 3267 280 3347 εἷμα
297 3270 333 3337 δὲ
347 3268 481 3356 δώμαθ’
495 3277 607 3339 ἵκοντο
622 3272 811 3357 διοτρεφέος
824 3277 974 3357 Κελεοῖο,

202 3367 269 3454 βάν
283 3370 320 3437 δὲ
335 3368 383 3437 δι’
397 3371 577 3459 αἰθούσης,
599 3379 684 3441 ἔνθα
703 3379 798 3456 σφίσι
812 3371 929 3441 πότνια
943 3370 1047 3460 μήτηρ
1159 3384 1205 3440 185
1287 3369 1288 3415 ³

202 3459 281 3554 ήστο
295 3469 385 3555 παρά
399 3472 551 3560 σταθμόν
565 3476 675 3560 τέγεος
690 3472 779 3541 πύκα
793 3490 952 3560 ποιητοῖο,
1286 3515 1287 3593 η

202 3566 298 3637 παῖδ’
314 3565 378 3637 ὑπὸ
393 3570 504 3662 κόλπῳ
520 3581 638 3660 ἔχοντα
647 3627 656 3661 ,
677 3577 755 3643 νέον
769 3575 888 3654 θάλος·
909 3580 947 3642 αἵ
958 3573 994 3642 δὲ
1007 3569 1088 3661 παρ’
1103 3569 1206 3659 αὐτήν
1285 3657 1286 3676 ᾖ

1283 3843 1285 3952 1
