2624 4000
185 206 253 256 VIII
577 207 794 258 PRAEFATIO.

186 359 265 418 serie
281 357 432 434 leguntur.
476 359 514 418 Id
529 358 610 438 quod
627 359 773 438 imprimis
792 358 893 418 elucet
907 359 954 420 his
971 360 1056 435 locis,
1073 363 1125 422 ubi
1140 372 1194 424 aut

186 461 281 502 novos
297 452 350 504 aut
368 464 489 523 prorsus
505 452 701 505 commutatos
716 461 822 502 versus
836 443 1022 522 suppeditat,
1043 466 1117 525 quos
1135 465 1193 524 ego

186 545 246 584 uno
258 536 387 606 excepto
399 528 474 603 loco,
489 527 543 587 ubi
554 546 646 586 causa
655 527 778 604 gravior
791 526 963 599 intercedit,
974 529 1196 606 praeferendos

187 609 330 686 vulgatae
349 623 379 670 et
396 613 427 670 in
442 611 579 671 ordinem
593 610 783 688 recipiendos
800 611 923 689 putavi3
941 611 1013 671 vide
1030 613 1071 670 H.
1086 614 1192 691 Apoll.

186 693 279 770 Pyth.
297 691 374 767 147³,
390 705 450 768 344,
474 696 569 754 Mero.
585 703 645 767 288,
662 703 721 767 366,
738 702 797 757 563.
841 694 927 754 Idem
943 693 1037 756 habet
1051 715 1112 755 uno
1126 697 1196 756 loco

188 778 278 836 etiam
294 778 392 848 codex
410 779 645 850 Moscoviensis,
663 778 703 836 H.
720 779 815 850 Mero.
833 786 894 852 458,
909 786 971 852 459,
990 780 1084 839 ceteri
1098 780 1194 840 nullo.

188 858 318 920 Omnino
334 863 427 940 igitur
441 871 504 922 tota
519 863 595 920 ratio
614 862 783 940 scripturae
807 862 1036 922 constituendae
1058 864 1102 921 sic
1119 863 1194 922 defi-

186 943 299 1002 nienda
324 955 385 1019 est,
416 955 450 1005 ut
471 946 614 1024 expensis
638 947 718 1004 inter
740 965 773 1004 se
800 955 830 1004 et
853 945 983 1024 expletis
1009 946 1194 1006 lectionibus

186 1029 386 1089 Laurentiani
398 1029 655 1089 etMoscoviensis
666 1030 854 1108 reperiamus
870 1028 943 1108 quid
959 1049 1080 1109 quoque
1095 1030 1163 1089 loco
1176 1051 1196 1088 a

189 1114 337 1171 communi
350 1113 455 1173 horum
467 1113 609 1172 librorum
620 1123 747 1191 parente
761 1113 833 1172 olim
846 1113 939 1173 fuerit
951 1115 1104 1193 scriptum,
1121 1114 1194 1174 reli·

188 1195 240 1274 qni
258 1205 359 1254 autem
375 1199 426 1275 qui
444 1199 639 1257 innotuerunt
655 1195 776 1256 codices
793 1197 1042 1274 (Ambrosianus,
1060 1196 1195 1256 Parisini

186 1287 248 1338 tres
266 1280 348 1357 apud
363 1281 536 1355 Matthiam,
562 1279 655 1340 editio
674 1281 815 1359 princeps
833 1281 1027 1353 Florentina,
1046 1299 1126 1359 quae
1144 1301 1194 1340 co·

188 1361 263 1421 dicis
281 1365 376 1423 instar
389 1363 531 1424 habenda
545 1362 614 1442 est),
633 1365 705 1444 quia
720 1384 819 1443 neque
836 1363 985 1424 illos'ulla
999 1383 1033 1423 re
1050 1374 1196 1440 superant

188 1454 219 1505 et
232 1449 333 1507 multis
350 1448 426 1507 locis
447 1449 623 1509 correctoris
642 1468 762 1507 manum
784 1456 855 1508 sunt
871 1449 1005 1525 experti,
1025 1449 1056 1506 in
1070 1467 1197 1507 censum

187 1547 247 1588 non
262 1533 396 1590 veniant.
439 1532 566 1614 Deindq
584 1550 656 1589 vero
678 1533 710 1589 in
730 1531 806 1590 locis
822 1532 971 1611 corruptis
990 1540 1020 1592 et
1041 1531 1195 1590 lacuncsis

187 1615 333 1672 utendum
349 1623 396 1673 est
412 1615 594 1692 conjectura,
618 1634 697 1694 quae
713 1619 804 1694 quam
818 1615 881 1674 late
896 1623 1002 1694 pateat
1020 1617 1052 1674 in
1066 1615 1113 1674 his
1129 1635 1196 1674 car-

143 1737 144 1740 .
187 1698 316 1757 minibus
335 1698 505 1779 quibusque
529 1697 637 1758 finibus
654 1697 792 1775 regunda
809 1699 863 1772 sit,
886 1698 1012 1758 difficile
1034 1707 1079 1758 est
1101 1697 1197 1758 dictu.

188 1780 268 1839 Nam
283 1791 351 1860 post
369 1790 412 1841 tot
425 1783 506 1842 viros
527 1792 557 1841 et
573 1781 712 1840 doctrina
728 1790 758 1840 et
776 1783 893 1859 ingenii
909 1783 1047 1842 acumine
1063 1783 1197 1842 maxime

187 1865 338 1942 insignes,
361 1867 467 1944 quiin
489 1867 547 1926 hoc
570 1885 684 1942 genere
706 1866 912 1940 elaborarunt,
937 1867 1104 1925 Hernicum
1127 1865 1197 1926 Ste-

187 1948 333 2027 phanum,
358 1950 551 2021 Barnesium,
578 1949 809 2022 Ruhnkenium,
834 1951 1001 2027 Ilgenium,
1025 1949 1199 2024 Matthiam,

187 2032 409 2108 Romanunm,
426 2034 577 2105 Vossium‚
596 2033 771 2106 Frankium,
790 2033 1057 2096 Schneidewinum
1071 2063 1112 2076 --
1125 2043 1199 2112 post

187 2115 293 2174 horum
305 2116 379 2178 'dico
395 2137 518 2195 operam
536 2116 798 2194 diligentissimam
821 2119 993 2176 etiamnunc
1010 2124 1129 2176 restant
1151 2127 1199 2177 tot

187 2199 247 2258 loci
262 2203 378 2277 aegroti
395 2211 426 2261 et
439 2201 627 2274 conclamati,
645 2210 678 2260 ut
692 2201 874 2260 medicinam
887 2210 1041 2279 repertum
1051 2201 1088 2258 iri
1102 2201 1198 2260 omni-

188 2282 243 2342 bus
258 2284 350 2360 plane
367 2283 598 2365 desperandum
605 2286 679 2345 sit.
698 2283 780 2345 Omit
768 2293 820 2358 tto,
838 2283 1057 2363 quodpropter
1073 2282 1199 2343 dubiam

188 2366 391 2426 etobscuram
408 2389 487 2447 quae
503 2376 549 2426 est
560 2367 599 2426 dc
615 2368 787 2427 auctoribus
801 2376 833 2427 et
845 2367 883 2425 de
895 2377 996 2428 aetate
1008 2367 1114 2425 horum
1130 2387 1199 2426 car·

189 2451 299 2508 minum
311 2454 483 2511 memoriam
499 2450 593 2509 multa
605 2471 683 2528 quae
696 2450 734 2508 ad
747 2451 912 2509 dialectum
927 2460 957 2510 et
970 2450 1009 2509 ad
1020 2451 1199 2510 universum

188 2553 284 2609 genus
300 2533 423 2593 dicendi
433 2535 588 2614 pertinent
590 2578 597 2605 ,
576 2534 788 2593 tdilficillime
801 2534 1023 2611 dijudicantur3
1039 2533 1117 2593 nihil
1129 2533 1199 2592 dico

189 2614 226 2674 de
245 2618 281 2676 iis
302 2617 548 2692 dubitationibus,
564 2637 643 2695 quae
654 2637 751 2697 nuper
763 2619 946 2677 exstiterunt
957 2618 995 2678 de
1011 2618 1200 2694 argumentis
1278 2691 1280 2696 Ι

190 2700 398 2760 describendis
436 2711 466 2761 et
498 2701 536 2760 de
569 2721 607 2759 an
609 2703 709 2799 tiquis¹
732 2702 1016 2781 interpolationibus
1050 2703 1199 2777 majorum

188 2784 381 2864 hymnorum,
400 2805 478 2865 quae
495 2785 616 2866 quidem
632 2786 731 2843 omnia
745 2793 834 2864 prout
847 2784 929 2862 apud
946 2794 975 2844 te
994 2785 1198 2857 constitueris,

188 2887 330 2944 magnum
351 2867 502 2948 quoddam
526 2868 732 2944 adjudicium
753 2869 920 2928 lectionum
941 2869 1045 2927 valere
1067 2865 1198 2928 ne‘cessc

191 2960 245 3010 est.
290 2953 356 3028 Ego
376 2962 427 3011 aut
430 2973 476 3012 ern
492 2973 583 3033 quum
582 2887 814 3050 Jiptelligerem,
830 2972 921 3032 quam
935 2951 1094 3030 scopuloso
1114 2949 1197 3009 diffi-

190 3035 326 3113 cilique
318 3057 350 3094 ru
363 3037 430 3095 loco
445 3056 593 3108 versarer,
611 3037 643 3094 in
657 3037 715 3094 hac
731 3035 865 3096 editione
877 3055 945 3094 usur
936 3033 1132 3115 quotidiano
1143 3033 1197 3092 de-

189 3119 301 3177 stinata
319 3121 363 3178 ita
377 3119 594 3179 moderandam
609 3119 683 3178 duxi
705 3121 852 3179 rationem
871 3121 1021 3191 criticam,
1043 3127 1077 3177 ut
1094 3138 1198 3197 neque

189 3203 292 3262 sordes
310 3222 413 3262 omnes
432 3211 462 3262 et
482 3191 593 3263 menda
607 3202 796 3262 librariorum
811 3223 867 3281 per
888 3203 1012 3262 saecula
1027 3209 1197 3281 propagata

190 3286 262 3344 stult
251 3295 298 3344 tus
313 3307 476 3346 venerarer
493 3295 597 3365 atquc
602 3288 633 3345 in
634 3295 717 3344 tacta
732 3287 936 3366 relinquerem
960 3286 1120 3363 (asterisco
1141 3304 1195 3344 no·

189 3371 245 3427 tati
261 3372 352 3429 sunt
344 3391 366 3428 ιι
358 3371 449 3446 'loci
469 3391 596 3450 quorum
613 3369 734 3429 medela
749 3390 809 3429 non
826 3368 890 3428 erat
904 3369 936 3428 in
952 3378 1079 3448 promtu,
1096 3388 1193 3428 remo-

189 3455 273 3532 tique
289 3474 306 3512 e
322 3463 465 3514 contextu
479 3453 591 3514 versus
602 3463 707 3532 aperte
723 3451 831 3530 spurii)
850 3473 950 3530 neque
968 3457 1033 3531 ipse
1049 3451 1199 3530 ingenioli

191 3537 364 3596 ostentandi
391 3559 483 3597 causa
510 3541 711 3614 intemperata
732 3537 857 3596 libidine
885 3536 1078 3614 conjectandi
1102 3537 1195 3596 uimro
