2624 4000
242 276 284 340 2⁰
485 289 524 340 11.
543 283 995 340 τεεεΠοΛΛααΑΠυοεοα.

244 444 383 534 ἄκμητοι
397 445 433 513 δέ
447 444 552 531 λόφον
565 446 731 532 προσέβαν
745 443 861 526 ποσὶν,
882 440 964 522 αἶψα
979 438 1011 508 δ’
1025 446 1139 510 ἵκοντο
1171 448 1244 528 [530]
1299 446 1300 492 ]

245 545 425 634 Παρνησὸν
438 547 494 614 καὶ
506 550 614 633 χῶρον
628 542 808 632 ἐπήρατον,
828 538 905 612 ἐνθ’
921 538 977 629 ἀρ’
992 549 1130 631 ἔμελλον
1298 497 1300 612 ]

246 647 392 735 οἰκήσειν
405 655 554 716 πολλοῖσι
566 649 728 733 τετιμένοι
741 642 966 732 ἀνθρώποισι·
1298 659 1300 734 η

247 752 333 831 δεῖξε
347 746 379 816 δ’
394 746 486 836 ἄγων
499 744 623 816 ἀδυτον
637 746 756 831 ζάθεον
768 747 824 814 καὶ
836 753 935 813 πίονα
948 742 1039 830 νηόν.
1191 764 1241 818 345
1299 755 1300 850 J

246 854 313 918 τῶν
330 847 363 916 δ’
379 847 514 938 ὠρίνετο
529 847 637 936 θυμὸς
651 851 701 917 ἐνί
714 847 872 936 στήθεσσι
886 853 1028 933 φίλοισι·
1299 919 1300 958 ᾖ

246 950 305 1020 τὸν
318 953 374 1019 καὶ
386 947 597 1037 ἀνειρόμενος
610 953 751 1038 Κρητῶν
764 946 842 1035 ἀγὸς
855 944 969 1016 ἀντίον
982 944 1086 1034 ηόδα·
1170 955 1242 1032 [535]
1299 965 1300 980 ’

319 1041 360 1118 Ὦ
373 1048 440 1137 ἀν’,
461 1049 574 1138 ε’πειδή
588 1049 663 1139 τῆλε
677 1058 785 1137 φίλων
797 1051 854 1118 καὶ
867 1054 1023 1134 πατρίδος
1037 1059 1110 1137 αίης

249 1150 382 1240 ἤγαγες·
403 1150 489 1221 οὕτω
504 1177 569 1220 που
581 1158 628 1243 τῷ
642 1156 691 1242 σῷ
705 1160 804 1238 φίλον
818 1157 932 1220 ἔπλετο
945 1155 1047 1241 θυμῷ
1054 1170 1062 1185 ·

248 1259 317 1332 πῶς
330 1255 386 1322 καὶ
398 1257 462 1350 νῦν
475 1253 655 1341 βιόμεσθα;
678 1252 714 1322 τό
728 1272 765 1322 σε
780 1253 963 1340 φράζεσθαι
977 1249 1141 1338 ἄνωγμεν.
1193 1270 1242 1323 350

249 1351 264 1389 *
278 1352 355 1423 οὔτε
368 1354 575 1443 τρυγηφόρος
588 1353 648 1442 ήδε
660 1351 695 1441 γ’
711 1354 869 1441 ἐπήρατος
883 1349 955 1421 οὔτ’
971 1349 1142 1441 εὐλείμων,

249 1452 328 1524 ὥστ’
342 1453 408 1525 ἀπό
421 1453 453 1524 τ’
468 1447 509 1525 εὖ
522 1455 616 1540 ζόειν
625 1459 681 1525 καὶ
694 1452 752 1543 ἀμ’
763 1453 992 1544 ἀνθρώποισιν
1004 1449 1152 1539 ὀπηδεῖν.
1172 1460 1244 1538 [530]

328 1555 411 1636 Τοὺς
426 1554 458 1624 δ’
473 1557 683 1644 ἐπιμειδήσας
696 1560 845 1645 προσέφη
858 1554 940 1636 Διὸς
952 1552 1023 1634 υίὸς
1034 1551 1218 1626 Ἀπόλλων·

247 1656 373 1745 Νήπιοι
386 1655 577 1744 ἅνθρωποι,
600 1657 838 1746 δυστλήμονες,
857 1665 891 1727 οἳ
901 1661 1088 1745 μελεδώνας

248 1756 409 1845 βούλεσθ’
423 1755 603 1846 ἀργαλέους
616 1787 651 1827 τε
666 1757 788 1838 πόνους
802 1761 859 1828 καί
872 1765 1002 1827 στείνεα
1015 1762 1131 1851 θυμῷ·
1196 1776 1245 1830 355

250 1863 380 1946 ῥηΐδιον
394 1867 470 1939 ἐπος
486 1857 570 1948 ὔμμ’
585 1863 666 1949 ἐρέω
679 1863 735 1930 καί
749 1864 802 1930 ἐπὶ
816 1862 914 1948 φρεσὶ
926 1858 1029 1947 θήσω.

250 1964 398 2050 δεξιτερῇ
411 1960 489 2049 μάλ’
504 1967 639 2040 ἕκαστος
653 1969 738 2049 ἔχων
752 1966 788 2031 ἐν
801 1963 886 2050 χειρὶ
898 1959 1073 2050 μάχαιραν,
1174 1968 1247 2046 [535]

249 2061 385 2149 σφάζειν
398 2066 464 2131 αίεί
478 2067 579 2151 μῆλα·
600 2061 640 2132 τά
655 2060 687 2130 δ’
703 2061 839 2151 α’φθονα
854 2063 961 2132 πάντα
975 2065 1145 2150 παρέσται,

249 2161 331 2232 ὅσσα
345 2169 419 2253 ἐμοί
430 2161 463 2232 κ’
478 2161 624 2250 ἀγάγωσι
638 2167 816 2252 περικλυτὰ
830 2161 912 2251 φῦλ’
927 2160 1134 2253 ἀνθρώπων·
1298 2227 1299 2252 η

249 2263 331 2353 νηὸν
346 2266 382 2334 δὲ
396 2265 628 2354 προφύλαχθε,
650 2269 789 2353 δέδεχθε
803 2265 840 2335 δὲ
855 2262 938 2352 φῦλ’
953 2261 1155 2353 ἀνθρώπων,
1196 2282 1248 2337 360
1298 2259 1299 2330 ]

250 2364 368 2435 ἐνθάδ’
384 2364 607 2456 ἀγειρομένων
620 2369 676 2435 καί
691 2365 773 2454 ἐμήν
786 2365 868 2436 ίθύν
881 2393 916 2435 τε
928 2366 1075 2454 μάλιστα.

250 2474 281 2535 εί
294 2470 333 2536 δέ
343 2495 374 2536 τι
387 2465 524 2554 τηΰσιον
542 2475 618 2546 ἔπος
638 2474 783 2554 ἔσσεται,
805 2464 847 2555 ήέ
856 2495 887 2536 τι
901 2474 1009 2555 ἔργον,
1172 2473 1247 2552 [540]

249 2565 346 2655 ὕβρις
359 2565 408 2655 θ’,
430 2565 451 2654 ἣ
463 2569 560 2655 θέμις
574 2569 643 2637 ἐστὶ
655 2573 875 2656 καταθνητῶν
888 2564 1089 2657 ἀνθρώπων,

250 2665 344 2736 ἄλλοι
358 2667 470 2738 ἔπειθ’
485 2665 567 2756 ὑμῖν
581 2668 782 2758 σημάντορες
796 2668 916 2759 ἀνδρες
929 2677 1071 2756 ἔσονται,

250 2773 317 2837 τῶν
330 2764 390 2837 ὑπ’
404 2766 567 2858 ἀναγκαίη
585 2769 786 2860 δεδμήσεσθ’
800 2768 906 2858 ήματα
920 2771 1035 2839 πάντα.
1199 2786 1248 2840 365

251 2877 380 2957 εἴρηταί
390 2897 440 2939 τοι
453 2871 576 2940 πάντα·
597 2870 639 2940 σὺ
653 2873 690 2940 δὲ
704 2874 803 2961 φρεσὶ
816 2877 893 2959 σῇσι
907 2871 1059 2958 φύλαξαι.

326 2973 394 3039 Καὶ
407 2968 449 3040 σὺ
462 2972 523 3060 μέν
537 2969 624 3041 οὕτω
637 2988 748 3059 χαῖρε,
770 2971 852 3052 Διὸς
865 2974 921 3042 καὶ
934 2977 1064 3060 Λητοῦς
1076 2975 1145 3043 υίέ·
1175 2975 1249 3056 [545]
1296 3001 1297 3029 ι

249 3065 354 3161 αὐτὰρ
368 3070 432 3160 ἐγώ
446 3075 503 3143 καὶ
515 3089 585 3142 σεῖο
599 3075 655 3142 καί
669 3071 767 3161 ἀλλης
780 3070 921 3162 μνήσομ’
936 3071 1059 3161 ἀοιδῆς.

643 3353 842 3368 μᾷ.--
