2630 4010
358 255 421 306 vn.
445 243 845 308 Διονυεοεᾟλῌενει.
1068 241 1109 306 67

100 420 138 483 ἔκ
153 410 228 482 ποτ’
244 415 315 501 ἐρεῖ
328 406 432 478 αὐτοῦ
444 438 479 480 τε
493 417 612 498 φίλους
625 413 681 480 καί
697 411 843 499 κτήματα
857 411 965 482 πάντα
1075 432 1109 485 30

99 513 159 595 ούς
172 543 207 584 τε
224 511 459 601 κασιγνήτους,
480 515 552 581 ἐπεὶ
566 511 645 602 ἥμιν
658 520 780 602 ἔμβαλε
796 519 933 602 δαίμων.

171 613 230 696 Ὣς
245 613 349 685 είπῶν
363 614 454 684 ίστόν
467 642 503 684 τε
517 618 573 684 καὶ
587 622 692 686 ίστίον
706 619 817 686 ἕλκετο
831 617 917 704 νηός.

99 726 286 806 ἔμπνευσεν
301 713 334 786 δ’
349 714 470 806 άνεμος
483 720 584 810 μέσον
600 724 719 788 ι’στίον·
739 715 824 806 άμφλ
839 716 872 786 δ’
887 715 948 808 ἄρ’
959 716 1045 788 ὅπλα

99 821 326 890 καττάνυσαν·
346 819 428 906 τάχα
444 822 483 888 δέ
495 838 576 907 σφιν
590 825 744 908 ἐφαίνετο
757 819 914 910 θαυματὰ
926 829 1017 910 ἔργα.

99 922 190 1003 οἶνος
203 924 266 1011 μἐν
278 921 445 1012 πράτιστα
455 921 543 1009 θοήν
555 919 619 991 άνά
633 927 697 1010 νῆα
710 926 871 1010 μέλαιναν
1073 940 1107 994 35

99 1021 264 1112 ἡδύποτος
278 1022 432 1113 κελάρυζ’
448 1022 591 1112 εόεόδης,
614 1023 742 1112 όόρνντο
757 1021 791 1092 δ’
807 1021 892 1112 ὀδμή

98 1125 279 1217 άμβροσίη·
300 1127 423 1205 ναύτας
439 1127 475 1195 δέ
489 1126 592 1214 τάφος
606 1127 687 1216 λάβε
701 1126 828 1207 πάντας
842 1126 984 1206 ίδόντας.

99 1226 218 1299 αὐτίκα
233 1227 266 1299 δ’
281 1228 465 1319 άκρότατον
479 1228 569 1318 παρὰ
584 1228 906 1317 ἱστίονέξετανύσθη

97 1329 242 1420 άμπελος
256 1340 341 1402 ἔνθα
354 1333 409 1400 καὶ
424 1338 526 1417 ἔνθα,
548 1336 822 1420 κατεκρημνῶντο
838 1331 874 1400 δὲ
888 1333 1005 1398 πολλοὶ

98 1433 252 1524 βότρυες·
273 1431 358 1522 ἄμφ’
374 1431 466 1502 ἱστόν
481 1433 517 1502 δὲ
530 1435 630 1521 μέλας
645 1439 803 1502 είλίσσετο
817 1431 940 1519 κισσός,
1071 1447 1106 1500 40

98 1533 219 1606 άνθεσι
233 1535 425 1625 τηλεθάων,
447 1543 570 1624 χαρίεις
590 1532 622 1604 δ’
638 1539 691 1605 ἐπὶ
705 1533 831 1625 καρπός
848 1533 983 1624 ὀρώρει·

97 1637 218 1718 πάντες
233 1639 270 1708 δὲ
284 1639 423 1726 σκαλμοὶ
437 1637 622 1725 στεφάνους
636 1645 726 1725 ἐχον·
754 1644 788 1706 oc
800 1637 836 1707 δὲ
851 1636 990 1724 ίδόντες,

9 1737 13 1748 ’
97 1737 153 1827 νῆ’
167 1737 232 1828 ήδη
245 1737 313 1809 τότ’
328 1748 440 1810 ἐπειτα
454 1739 661 1829 κυβερνήτην
676 1743 830 1810 ἐκέλευον

98 1845 141 1931 γῇ
153 1841 298 1911 πελάαν·
325 1837 342 1910 ό
359 1839 392 1911 δ’
407 1839 472 1930 άρα
487 1861 547 1929 σφι
561 1847 647 1912 λέων
660 1839 769 1929 γένετ’
784 1847 902 1911 ἔνδοθι
915 1837 994 1927 νηός

98 1942 207 2024 δεινός
217 1943 272 2013 ἐπ’
285 1941 476 2033 άκροτάτης,
485 1947 568 2032 μέγα
580 1950 600 2012 δ
605 1942 613 1967 '
625 1951 775 2032 ἔβραχεν,
786 1948 824 2013 ἐν
835 1940 868 2012 δ’
877 1939 942 2030 άρα
952 1944 1055 2032 μέσση
1069 1958 1103 2012 45

97 2044 219 2132 άρκτον
233 2049 387 2134 ἐποίησεν
401 2044 618 2133 λασιαύχενα,
640 2045 767 2134 σήματα
781 2053 929 2133 φαίνων·

96 2143 137 2216 άν
156 2145 191 2216 δ’
206 2156 282 2235 ἔστη
298 2165 459 2236 μεμαυῖα·
480 2150 566 2217 λέων
580 2145 611 2216 δ’
627 2150 682 2217 ἐπὶ
698 2151 857 2237 σέλματος
871 2145 976 2236 άκρον

97 2247 209 2318 δεινόν
223 2245 354 2339 ὑπόδρα
368 2249 467 2320 ίδύν·
494 2255 528 2318 οἱ
539 2247 572 2318 δ’
588 2256 634 2329 είς
648 2250 804 2338 πρύμνην
818 2249 999 2338 ἐφόβηθεν,

95 2348 179 2439 άμφὶ
193 2350 402 2442 κυβερνήτην
421 2352 458 2421 δὲ
472 2351 643 2441 σαόφρονα
656 2351 769 2440 θυμόν
782 2360 899 2440 ἔχοντα

94 2460 194 2522 ἔσταν
208 2451 264 2543 άρ’
280 2457 510 2542 ἐκπληγέντες·
531 2451 548 2522 ὁ
564 2451 598 2521 δ’
613 2457 766 2543 ἐξαπίνης
784 2451 966 2543 ἐπορούσας
1068 2470 1102 2521 50

94 2551 197 2645 άρχόν
211 2553 273 2642 ἕλ’,
297 2563 331 2626 οἱ
342 2557 378 2626 δὲ
392 2555 517 2645 θύραζε
530 2553 635 2624 κακόν
648 2556 752 2646 μόρον
766 2556 958 2640 ἐξαλύοντες

94 2657 215 2736 πάντες
228 2655 315 2746 ὁμῶς
333 2657 502 2746 πήδησαν,
526 2659 597 2726 ἐπεὶ
612 2664 701 2745 ἔδον,
722 2667 769 2738 είς
782 2657 845 2727 άλα
861 2665 948 2744 δῖαν,

95 2764 251 2847 δελφῖνες
266 2757 299 2828 δ’
315 2762 485 2848 ἐγίνοντο·
512 2759 721 2847 κυβερνήτην
736 2753 770 2828 δ’
785 2760 920 2848 ἐλεήσας

94 2869 213 2950 ἔσχεθε
230 2869 290 2930 καί
300 2890 358 2950 μιν
372 2869 473 2950 ἔθηκε
488 2859 671 2949 πανόλβιον
686 2859 759 2931 εἶπέ
769 2888 804 2929 τε
819 2866 947 2950 μῦθον·

174 2963 314 3052 Θάρσει,
338 2970 388 3032 δῖε
401 2962 527 3050 κάτωρ,
546 2966 594 3053 τῷ
613 2967 681 3055 ἐμῷ
693 2967 909 3052 κεχαρισμένε
922 2966 1037 3054 θυμῷ·
1066 2980 1100 3032 55

94 3067 160 3153 είμὶ
176 3062 209 3134 δ’
224 3063 289 3152 ἐγώ
304 3066 471 3144 Διόνυσος
485 3068 676 3154 ἐρίβρομος,
698 3063 738 3136 ὃν
755 3068 828 3135 ’τέκε
842 3065 947 3153 μήτηρ

92 3169 245 3256 Καδμηὶς
258 3171 390 3256 Σεμέλη
403 3165 486 3246 Διός
500 3170 537 3235 ἐν
550 3168 700 3254 φιλότητι
714 3167 855 3256 μιγέῖσα.

8 3269 11 3286 '
171 3277 292 3358 Χαῖρε,
314 3272 407 3349 τέκος
420 3271 569 3356 Σεμέλης
584 3265 760 3348 εύιόπιδος·
782 3265 864 3337 οόδέ
876 3294 921 3356 πη
935 3275 1003 3337 ἔστι

92 3369 163 3440 σεῖό
177 3398 215 3458 γε
229 3371 418 3460 ληθόμενον
431 3369 597 3460 γλυκερὴν
609 3376 770 3460 κοσμῆσαι
784 3368 910 3458 άοιδήν.

850 3685 894 3742 ὁ*
