2624 4000
205 229 245 288 34
275 283 276 286 ,
562 241 614 291 ΙΠ.
637 240 699 290 ΕΙΣ
717 236 856 290 EPMHN.

207 394 379 481 αύτόθευ,
391 392 579 483 ἐμβολάδην
594 393 814 483 ἐστραμμέναι
828 390 997 481 άλλήλησι,

208 503 225 542 *
240 496 313 586 ῥεῖά
326 523 362 565 τε
375 497 431 565 καί
445 494 590 583 πάσῃσιν
604 493 659 565 ἐπ’
673 491 857 583 άγραύλησι
868 493 1015 581 βόεσσιν,

203 595 327 687 Ἑρμέω
342 601 482 685 βουλῇσι
498 606 734 686 κλεψίφρονος·
757 593 862 685 αὐτὰρ
874 593 1042 663 Ἀπόλλων

207 697 384 787 θαύμασεν
397 695 555 787 άθρήσας.
582 696 600 768 ὁ
617 700 653 767 δέ
668 696 708 785 δή
722 697 844 788 κρατὺς
856 694 1089 785 Ἀργειφόντης

208 806 317 890 χῶρον
329 797 522 888 ὑποβλήδην
537 799 712 886 ἐσκέψατο,
732 797 833 868 πύκν’
848 796 1059 888 ἀμαρύσσων,
1165 813 1219 868 415

414 908 430 947 *
635 904 652 943 δ
856 911 873 952 ηε

211 1001 374 1090 ἐγκρύψαι
386 1000 532 1088 μεμαώς·
555 1007 684 1090 Λητοῦς
699 999 732 1070 δ’
748 999 917 1090 ἐρικυδέος
929 998 1005 1068 υίὸν

211 1106 284 1191 ῥεῖα
302 1097 379 1190 μάλ’
394 1101 560 1189 ἐπρήυνεν
575 1102 750 1190 ἑκηβόλον,
761 1099 814 1181 ’ὡς
828 1097 921 1172 ἔθελ’
940 1098 1049 1187 αὐτὸς,

209 1206 266 1273 καὶ
278 1202 440 1292 κρατερόν
455 1228 516 1291 περ
531 1203 644 1273 ἐόντα·
666 1201 780 1291 λαβώυ
795 1201 828 1272 δ’
844 1200 898 1273 ἐπ’
912 1199 1068 1292 άριστερδι
1081 1201 1193 1292 χειρός

417 1307 434 1347 ε
637 1307 654 1349 κ
857 1307 874 1347 ε

211 1406 365 1496 πλήκτρῳ
381 1405 561 1494 ἐπειρήτιζε
574 1405 656 1475 κατά
670 1405 783 1494 μέρος·
803 1401 823 1494 ή
838 1403 872 1474 δ’
887 1401 1074 1493 ὑπδχειρδς

212 1505 414 1595 σμερδαλέον
428 1505 608 1593 κονάβησε·
628 1507 770 1627 γέλμσσε
785 1507 821 1575 δὲ
841 1514 963 1594 Φοῖβος
976 1505 1143 1576 Ἁπόλλων
1165 1523 1219 1576 420
1303 1507 1304 1574 λ

210 1607 377 1695 γηθήσας,
398 1605 496 1695 ἐρατή
512 1607 548 1674 δε
563 1604 619 1675 διά
633 1607 758 1696 φρένας
771 1605 875 1698 ἤλυθ’
890 1607 951 1696 ίωή

211 1716 391 1795 θεσπεσίης
405 1711 541 1794 ἐνοπής
562 1716 620 1777 καί
631 1738 689 1799 μιν
702 1709 856 1797 γλυκύς’
841 1737 952 1799 ιμερος
965 1706 1039 1798 ᾔρει

143 1837 146 1844 ·
210 1814 313 1900 θυμῷ
325 1807 544 1892 ἀκουάζοντα·
564 1809 697 1900 λόρηδ’
713 1810 831 1902 ἐρατόν
844 1820 1026 1900 κιθαρίζων

213 1916 272 1997 στή
287 1907 353 2000 §W
334 1938 392 1996 ογε
404 1911 576 2001 θαρσήσας
591 1909 645 1981 ἐπ’
659 1910 815 2002 άριστερά
828 1913 985 1993 Μαιάδος
998 1909 1069 1990 υίὸς

213 2020 347 2136 Φοίβου
354 2009 574 2092 Ἀπόλλωνος·
595 2013 677 2102 τάχα
692 2016 728 2084 δὲ
742 2014 858 2102 λιγέως
872 2023 1053 2104 κιθαρίζων
1164 2029 1216 2081 425

211 2112 334 2202 γηρύετ
338 2109 626 2238 ’άμβολάδην,-
644 2114 742 2239 ἐρατή
756 2119 796 2185 δέ
806 2121 870 2185 οί“
851 2136 966 2186 εσπετο
980 2113 1150 2204 φωνή,-

212 2226 228 2267 *
244 2223 392 2304 κραίνων
405 2212 595 2296 άθανάτονς
608 2243 644 2286 τε
657 2215 776 2304 θεούς,
797 2221 853 2286 καὶ
866 2234 966 2304 γαῖαν
980 2209 1134 2306 ἐρεμνήν,

213 2343 256 2394 ως
269 2315 309 2384 τά
323 2342 436 2405 πρωτα
450 2317 585 2405 γένοντο
599 2315 691 2388 καὶ
669 2347 712 2398 ως
725 2318 804 2406 λάχε
819 2336 939 2409 μοῖραν
953 2326 1096 2398 ἕκαστος.

215 2417 446 2504 Μνημοσύνην
459 2420 521 2505 μὲν
533 2445 646 2507 πρωτα
660 2425 752 2489 θεων
766 2420 936 2510 ἐγέραιρεν
949 2419 1057 2511 άοιδή,

212 2518 335 2607 μητέρα
348 2519 537 2589 Μουσάων·
558 2517 578 2608 ή
594 2518 656 2609 γάρ
671 2522 749 2609 λάχε
762 2523 917 2602 Μαιάδος
930 2522 1018 2592 υίόν·
1164 2539 1214 2593 430

212 2619 289 2699 τοὺς
304 2621 340 2689 δέ
354 2619 438 2689 κατά
451 2621 592 2710 πρέσβιν
605 2648 641 2689 τε
654 2625 709 2690 καὶ
723 2620 766 2702 ὥς
779 2623 938 2712 γεγάασιν
952 2629 1086 2704 ἕκαστος

212 2718 402 2800 άθανάτους
417 2725 567 2811 ἐγέραιρε
579 2721 681 2802 θεούς
694 2723 777 2803 Διὸς
792 2723 913 2812 άγλαός
925 2724 1006 2812 υλδς,

213 2821 311 2890 πάντ’
326 2821 456 2891 ἐνέπων
472 2823 555 2894 κατὰ
569 2823 708 2912 κόσμον,
729 2825 910 2895 ἐπωλένιον
922 2835 1112 2914 κιθαρίζων.

212 2921 271 2991 τόν
286 2920 319 2991 δ’
336 2930 409 3012 ἔρος
423 2927 460 2992 ἐν
474 2924 653 3013 στήθεσσιν
667 2923 831 3014 άμήχανος
846 2940 962 2999 αίνυτο
975 2927 1099 3016 θυμόν,

212 3032 272 3093 καί
281 3053 339 3111 μιν
353 3024 509 3113 φωνήσας
523 3034 601 3095 ἔπεα
615 3026 794 3115 πτερόεντα
807 3031 996 3119 προσηύδα·
1164 3045 1216 3099 435

288 3125 459 3213 Βουφόνε,
482 3131 687 3216 μηχανιῶτα,
707 3131 905 3219 πονεύμενε,
928 3128 1038 3210 δαιτός
1052 3134 1172 3220 ἑταῖρε,

213 3226 417 3314 πεντήκοντα
431 3234 520 3316 βοιόν
535 3224 670 3311 άντάξια
682 3236 785 3300 ταῦτα
798 3233 951 3356 μέμηλας.

212 3323 354 3414 ήσυχίως
368 3332 424 3396 καὶ
439 3337 552 3399 ἔπειτα
567 3330 865 3419 διακρινέεσθαι’
830 3355 906 3404 οιω·

213 3453 277 3494 νυν
292 3425 362 3495 δ
340 3456 400 3515 αγε
414 3457 468 3516 μοι
487 3431 562 3498 τόδε
578 3433 648 3500 εἰπε
656 3434 872 3521 ,πολύτροπε
885 3435 1041 3515 Μαιάδος
1054 3439 1117 3524 υίέ,

212 3517 334 3614 ήσοιγ
337 3525 394 3596 ἐκ
404 3529 655 3618 γενετηςταδ
633 3561 678 3619 αμ
682 3529 982 3625 εσπετοθαυματα
991 3545 1071 3626 ἔργα
1164 3551 1218 3606 440
