2630 4010
239 215 280 280 96
549 230 927 284 Βιυοεαοιινοιιιαιε.

240 387 417 476 δευόμενοι
432 387 468 456 δέ
483 395 591 476 τρίχες
605 395 759 458 πλεῖστον
772 387 873 476 βάρος
887 380 972 476 ἦσαν
987 387 1040 459 ἐπ’
1056 386 1152 484 αύτῷ
1157 412 1169 430 ’

241 488 363 558 ὕστατα
378 484 411 557 δ’
426 484 604 577 όλλύμενος
617 497 727 569 τοίους
740 491 924 579 ἐφθέγξατο
937 489 1083 579 μύθους·

304 587 355 659 Ού
369 589 479 678 λήσεις
493 596 627 684 δολίως,
649 599 862 679 Φυσίγναθε,
882 597 986 662 ταῦτα
999 595 1150 684 ποιήσας,

238 691 388 780 ναυηγδν
402 696 502 781 ῥίψας
516 689 580 761 ἀπὸ
594 690 758 781 σώματος,
780 689 822 772 ὥς
836 691 900 762 ἀπὸ
915 697 1044 783 πέτρης.

238 790 299 862 ούκ
314 792 357 862 ἀν
370 820 434 882 μου
447 792 531 862 κατά
544 810 645 881 γαῖαν
658 791 805 883 ἀμείνων
817 786 924 882 ήσθα,
945 797 1089 884 κάκιστε,
1215 816 1249 870 95

239 904 431 986 παγκρατίῳ
445 923 481 964 τε
495 894 583 984 πύλη
596 924 632 966 τε
645 899 700 967 καὶ
714 905 761 977 είς
775 895 913 986 δρόμον·
937 894 1019 968 ἀλλά
1033 899 1207 989 πλανήσας

239 1004 286 1075 είς
299 994 392 1086 ύδωρ
407 992 443 1085 μ’
460 1004 605 1086 ἔρριψας.
641 1005 706 1085 ἔχει
719 998 798 1079 θεὸς
813 1004 946 1068 ἔκδικον
959 996 1056 1087 ὄμμα.

238 1093 254 1133 *
268 1089 290 1186 ή
303 1097 423 1187 ποινήν
436 1105 538 1178 τίσεις
553 1097 596 1167 σύ
611 1104 707 1187 μυοῦν
720 1105 866 1191 στρατῷ,
887 1097 965 1169 οὐδ’
979 1097 1168 1185 ύπαλύξεις.

294 1196 355 1280 Ὦς
369 1195 473 1270 είπύν
487 1197 696 1270 ἀπέπνευσεν
709 1200 767 1290 ἐφ’
781 1201 898 1271 ύδατι·
918 1200 978 1270 τὸν
992 1203 1028 1272 δέ
1042 1210 1201 1274 κατεῖδεν

237 1306 436 1390 Λειχοπίναξ
450 1299 594 1391 ὄχθησιν
609 1303 802 1392 ἐφεζόμενος
816 1309 1017 1392 μαλακῇσιν·
1199 1326 1248 1376 100

239 1403 353 1473 δεινὸν
368 1402 401 1474 δ’
418 1403 603 1492 έξολόλυξε,
626 1403 761 1493 δραμών
776 1401 810 1475 δ’
824 1402 957 1492 ήγγειλε
970 1404 1117 1494 μύεσσιν.

238 1501 282 1582 ὡς
297 1503 330 1574 δ’
346 1514 474 1594 ἔμαθον
488 1504 550 1595 τήν
563 1521 699 1595 μοῖραν,
720 1513 780 1576 ἔδυ
795 1506 891 1594 χόλος
905 1504 995 1586 αἰνὸς
1008 1503 1167 1590 ἅπαντας.

238 1608 293 1674 καὶ
306 1605 378 1674 τότε
393 1606 593 1694 κηρύκεσσιν
607 1610 672 1688 έοῖς
690 1611 884 1694 ἐκέλευσαν,
904 1604 965 1676 ἀπ’
979 1605 1106 1697 ὄρθρον

236 1707 416 1797 κηρύσσειν
430 1706 592 1796 ἀγορήνδ’
608 1711 641 1788 ἐς
655 1708 790 1798 δώματα
807 1709 1014 1799 Τροιξάρταο,

237 1809 359 1899 πατρὸς
374 1810 540 1899 δυστήνου
558 1811 789 1899 Ψιχάρπαγος,
811 1809 847 1892 δς
861 1811 944 1880 κατά
959 1819 1077 1900 λίμνην
1195 1833 1245 1886 105

236 1909 354 1991 ύπτιος
368 1912 533 2000 ἐξήπλωτο
546 1911 667 2001 νεκρὸν
682 1917 798 2002 δέμας,
819 1911 899 1982 ούδέ
912 1910 994 2002 παρ’
1009 1909 1127 2001 ὄχθαις

235 2004 279 2099 ήν
292 2012 355 2101 ήδη
369 2013 517 2102 τλήμων,
543 2018 652 2107 μέσσῳ
669 2012 702 2084 δ’
718 2013 892 2103 ἐπενήχετο
905 2014 1026 2105 πόντῳ.

237 2111 280 2194 ὡς
295 2113 327 2184 δ’
341 2106 449 2203 ήλθον
462 2115 663 2196 σπεύδοντες
677 2113 735 2205 ἀμ’
750 2113 819 2204 ήοί,
839 2121 967 2205 πρῶτος
982 2114 1103 2205 ἀνέστη

241 2217 434 2304 Τρωξάρτης
448 2220 503 2288 ἐπὶ
516 2220 612 2286 παιδὶ
624 2217 838 2306 χολούμενος,
859 2218 934 2288 είπέ
944 2245 980 2287 τε
993 2223 1121 2306 μύθου·

294 2309 334 2386 Ὦ
344 2327 446 2406 φίλοι,
463 2327 494 2388 εί
505 2321 561 2388 καὶ
574 2325 696 2408 μούνος
707 2318 771 2408 έγοδ
781 2317 867 2389 κακά
876 2317 982 2391 πολλά
995 2319 1182 2390 πεπόνθειν
1194 2339 1241 2389 110

236 2421 272 2487 ἐκ
286 2419 478 2508 βατράχων,
498 2411 520 2508 ή
533 2437 632 2510 πείρα
645 2419 730 2509 κακή
744 2420 902 2492 πάντεσσι
915 2425 1075 2492 τέτυκται.

236 2521 303 2606 είμὶ
317 2521 353 2589 δὲ
368 2525 432 2588 νύν
446 2520 606 2608 ἐλεεινός,
627 2525 699 2592 ἐπεὶ
711 2539 800 2611 τρείς
812 2520 933 2603 παῖδας
946 2519 1074 2591 ὄλεσσα.

229 2623 291 2694 ,καὶ
305 2619 363 2691 τὸν
376 2621 438 2710 μὲν
452 2622 585 2710 πρύτόν
599 2651 638 2711 γε
651 2628 851 2695 κατέκτανεν
864 2621 1035 2714 ἁρπάξασα

236 2730 386 2810 ἔχθιστος
399 2728 517 2812 γαλέη,
538 2724 685 2813 τρύγλης
698 2734 857 2797 ἔκτοσθεν
871 2730 998 2796 ἑλούσα.

234 2822 293 2892 τόν
309 2823 342 2892 δ’
358 2823 460 2895 ἀλλον
473 2825 575 2895 πόλιν
588 2824 708 2916 ἀνδρες
721 2825 862 2916 ἀπηνέες
876 2832 908 2908 ές
921 2827 1024 2916 μόρον
1038 2825 1150 2910 εἷλξαν
1193 2848 1241 2899 115

234 2929 440 3014 καινοτέροις
453 2915 582 3015 τέχναις
597 2929 731 3012 ξύλινον
746 2930 845 3000 δόλον
859 2929 1056 3018 ἐξευρόντες,

233 3023 275 3114 ήν
289 3035 415 3116 παγίδα
428 3033 599 3116 καλέουσι,
622 3036 717 3119 μυεῖν
730 3028 900 3120 όλέτειραν
914 3035 1042 3101 έούσαν.

234 3125 253 3195 δ
265 3137 372 3216 τρίτος
386 3121 444 3218 ήν,
466 3127 632 3218 ἀγαπητὸς
647 3135 717 3221 ἐμοὶ
731 3135 787 3202 καὶ
800 3137 914 3223 μητέρι
929 3137 1044 3220 κεδνῇ,
1279 3221 1280 3224 ¹

234 3235 352 3302 τούτου
365 3227 544 3314 ἀπέπνιξεν
559 3241 774 3321 Φυσίγυαθος
788 3237 821 3314 ἐς
834 3232 946 3322 βυθὸν
959 3233 1046 3316 ἀξας.
1279 3231 1280 3322 ή

233 3328 308 3401 ἀλλ’
322 3331 422 3422 ἄγεθ’
436 3330 663 3423 ὁπλισόμεσθα
676 3339 733 3406 καὶ
746 3338 933 3426 ἐξέλθωμεν
946 3332 1000 3406 ἐπ’
1015 3331 1137 3416 αύτούς
1190 3351 1238 3404 1θο

233 3432 368 3522 σύματα
381 3435 603 3523 κοσμήσαντες
618 3441 655 3506 ἐν
669 3444 775 3506 ἐντεσι
790 3442 1024 3508 δαιδαλέοισιν.
1279 3471 1280 3508 ι

301 3533 402 3604 Ταῦτ’
420 3535 524 3605 είπάν
538 3534 690 3606 ἀνέπεισε
705 3547 967 3623 καθοπλίζεσθαι
981 3537 1138 3620 ἅπαντας.
