2624 4000
175 329 181 336 ,
247 259 294 388 ¹²
356 271 464 321 τοίω
482 269 688 322 ΑΠοΛΛιεΝΑ
704 270 854 324 ΔΗΔιοΝ.
1084 263 1102 320 7

284 349 294 391 6

98 432 138 498 ἐκ
154 424 188 496 δ
204 369 307 516 666
314 425 378 516 πρὸ
397 425 544 513 φόωσδε
564 428 643 494 θεαὶ
658 422 690 492 δ
705 423 905 538 όλόλυξαν”
883 453 1016 502 απασαι.

169 525 277 598 ’Ἐνθα
292 532 345 614 σε’,
366 525 418 615 ήιε
434 535 553 614 Φοῖβε,
573 530 653 596 θεαὶ
664 511 750 595 λόον
759 525 857 597 ύδάτι
871 537 962 622 καλῷ
1052 553 1103 605 120

98 627 210 717 ἁγνοῖς
223 633 279 699 καὶ
292 634 465 717 καθαροῖς,
488 618 637 716 σπάρξαν
652 625 684 696 δ’
700 632 737 697 έν
751 629 853 753 φάρει·
864 600 983 755 λευάῷ,

100 737 211 822 λεπτῷ
219 733 415 821 ‚66666662'
437 733 512 818 περὶ
527 730 564 798 δὲ
563 730 717 853 χρύσεργ
732 731 877 820 στρόφον
890 723 984 820 ήκαν.

101 829 216 901 066'’‘
195 860 237 921 αρ
242 831 453 902 ’Ἀπόλλωνα
466 829 633 921 χρυσάορα
648 812 774 919 666660
789 833 905 922 μήτηρ,

100 931 185 1002 άλλά
199 935 353 1022 Θέμις’
312 961 432 1022 νεκταρ
447 961 482 1003 τε
497 935 553 1003 καὶ
566 930 751 1021 ἀμβροσίην
765 934 938 1023 ἐρατεινήν

101 1032 282 1114 ἀθανάτοις
295 1042 460 1124 χείλεσσιν
473 1033 648 1124 ἐπήρξατα
675 1051 769 1124 χαίρε
784 1037 820 1104 δέ
833 1035 942 1124 Λητώ,
1054 1057 1102 1108 115

102 1135 225 1206 οὕνεκα
239 1136 419 1225 τοξοφόρον
432 1138 489 1206 καὶ
501 1134 663 1226 καρτερόν
675 1134 751 1206 υίόν
765 1144 899 1206 ἔτικτεν.

178 1235 293 1327 Αύτάρ
308 1236 440 1326 ἐπειδὴ,
465 1246 583 1362 Φοῖβε,
598 1241 765 1361 κατέβρως
779 1236 962 1327 άμβροτον
960 1267 975 1308 ε
972 1240 1064 1338 6666,
1126 1305 1134 1320 ς

102 1366 142 1408 ου
125 1337 239 1426 ”σέγ’
255 1337 359 1409 ἔπειτ’
376 1350 468 1426 ίσχον
482 1339 614 1427 χρύσεοι
629 1339 766 1427 στρόφοι
780 1336 995 1463 άσπαίρορτα,
1055 1424 1058 1443 ὶ
1072 1347 1103 1389 6
1177 1313 1189 1359 6

102 1437 211 1509 066'''
193 1468 240 1509 ετι
256 1437 405 1529 δεσμάσ’
421 1447 535 1529 ἔρυκε,
555 1439 674 1508 λύοντο
689 1440 725 1508 δὲ
740 1447 879 1528 πείρατα
893 1439 1009 1511 πάντα.

102 1549 221 1611 αυτικα
236 1539 268 1610 δ
284 1540 471 1629 άθανάτησι
487 1540 632 1629 μετηύδα
648 1549 801 1653 6506609
782 1539 964 1611 Ἁπόλλων·
1055 1561 1104 1614 130

176 1651 241 1730 Είη
250 1670 309 1767 μοι
323 1651 457 1731 κίθαρίς
470 1671 505 1711 τε
518 1671 544 1730 φ
546 1650 599 1730 ίλη
546 1645 668 1712 ίκαὶ
681 1625 837 1731 καμπύλα
851 1642 938 1730 τόξα,

100 1742 209 1833 χρήσω
226 1741 258 1812 δ’
275 1742 484 1831 άνθρύποισι
498 1742 579 1823 Διὸς
591 1747 753 1833 νημερτέα
766 1744 901 1833 βουλήν.

170 1843 230 1924 669
245 1843 348 1914 είπών
333 1850 540 1972 ἐβίβαρχιεν
557 1848 610 1914 έπλ
623 1843 745 1932 χθονὸς
759 1843 951 1969 εὐρυοδείης

101 1944 258 2035 Φοῖβος’
238 1935 477 2035 ακερσεκομης,
499 1945 710 2035 ἑκατηβόλος·
726 1975 746 2014 α
749 1944 842 2014 6’'‘6
821 1975 885 2071 αρα
899 1951 1001 2015 πάσαι

100 2050 252 2174 θάμβερν
265 2045 448 2172 άθάναται·
463 2069 575 2171 χρυσχυ
563 2045 659 2116 6'''
637 2076 702 2135 αρα
715 2046 861 2135 A66o9‘'
839 2069 950 2117 απασά
1053 2064 1102 2117 135

99 2148 237 2239 ήνθησ’,
261 2146 304 2230 69
319 2148 374 2219 ότε
387 2178 419 2218 τι
436 2148 555 2239 βίου’
521 2147 790 2238 ούρεοςάνθεσιν
804 2147 893 2237 6669.
1053 2165 1103 2218 139

176 2249 345 2337 Αύτόςδ’,
359 2248 666 2340 άργυρότοξεάναξ,
683 2248 856 2336 ἑκατηβόλ’
863 2249 1038 2335 Ἄπολλον,
1052 2266 1103 2318 140

100 2351 218 2421 άλλοτε
231 2355 294 2440 μέν
306 2380 325 2420 τ
329 2350 408 2421 ’ἐπὶ
422 2351 565 2421 Κύνθου
580 2349 700 2439 ἐβήσαο
714 2350 1017 2454 παιπαλόεντος,

101 2452 218 2523 άλλοτε
233 2449 266 2521 δ’
281 2445 326 2521 αὖ
339 2453 460 2541 νήσους
475 2481 510 2522 τε
523 2456 579 2523 καὶ
597 2451 716 2541 άνέρας
730 2450 953 2540 ἠλάσκαζες.
984 2467 988 2472 ’

100 2564 221 2624 πολλοί
231 2581 280 2623 τοι
294 2563 372 2642 νηοί
382 2583 417 2624 τε
430 2583 486 2624 και
475 2551 598 2624 άλσεα
614 2553 831 2679 δενδρήεντα·

101 2662 205 2725 πάσαι
221 2657 257 2724 δέ
271 2663 408 2725 σκοπιαί
422 2684 457 2725 τε
471 2665 566 2744 φίλαι
580 2658 635 2725 καὶ
646 2655 793 2743 πράονες
807 2653 902 2744 άκροι

100 2755 242 2846 ὑψηλόν
254 2753 375 2845 όρέων,
395 2765 538 2845 ποταμοί
547 2754 586 2827 θ’
602 2755 704 2826 ἅλαδε
718 2758 930 2844 προρέοντες·
1053 2771 1104 2825 145

101 2857 186 2928 6666
200 2857 243 2926 σύ
256 2858 374 2950 Δήλῳ,
398 2866 521 2945 Φοῖβε,
537 2855 668 2946 μάλιστ’
685 2860 873 2945 ἐπιτέρπεαι
886 2848 975 2946 ἦτορ,

102 2969 188 3030 ἔνθα
201 2987 252 3028 τοι
265 2962 473 3047 ἑλκεχίτωνες
484 2955 602 3038 Ἰάονες
615 2955 833 3046 ήγερέθονται

101 3058 215 3140 αὐτοῖς
228 3058 292 3128 σὺν
305 3067 459 3129 παίδεσσι
472 3062 528 3128 καὶ
541 3064 668 3148 αἰδοίης
682 3056 857 3146 άλόχοισιν.

102 3167 138 3230 οί
149 3166 189 3231 δέ
200 3182 237 3230 σε
252 3170 419 3250 πυγμαχίῃ
434 3187 469 3229 τε
482 3162 538 3229 καὶ
551 3158 711 3250 ὀρχηθμῷ
723 3162 779 3228 καὶ
792 3157 891 3248 άοιδή

7 3279 15 3302 '
101 3262 306 3350 μνησάμενοι
319 3257 547 3350 τέρπουσιν,
535 3259 615 3329 όταν
629 3260 813 3348 στήσωνται
830 3257 952 3347 άγοόνα.
1057 3281 1108 3331 150

102 3408 253 3487 βεβρίθει,
278 3410 439 3508 κριθορῶσα
457 3400 528 3478 Διός
545 3407 665 3483 Λητοῦς
679 3427 709 3466 τε
725 3403 880 3484 γενέθλην,
1057 3419 1108 3473 136

103 3454 275 3592 γηθοσύγή,
298 3486 342 3552 ότι
357 3514 408 3570 μιν
422 3481 492 3562 θεὸς
508 3490 600 3550 εἵλετο
614 3490 659 3548 οίκ
662 3490 692 3548 ία
706 3487 818 3549 θέσθαι

102 3569 201 3650 νήσων
215 3551 338 3656 ήπείρου
352 3596 398 3650 τε,
419 3576 521 3652 φίλησε
538 3571 569 3633 δὲ
585 3565 695 3652 κηρόθι
710 3573 829 3650 μάλλον.
